1884 3126
280 151 334 190 38
860 163 1188 190 PROLEGOMENON

280 273 396 312 huius
417 277 597 324 excerpta
617 272 816 323 leguntur:
849 274 896 312 cf.
919 273 1129 312 Bursianus
1150 273 1197 310 ad
1219 273 1406 312 Senecam
1427 275 1548 325 praef.
1571 287 1606 326 p.
1622 273 1767 318 XVIllL

281 338 543 379 Buechelerus
572 341 693 390 praes.
724 340 771 380 ad
802 340 958 379 Petron.
989 353 1026 391 p.
1055 338 1185 378 xxv1.

391 581 630 630 Inpressa
659 585 976 631 exemplaria
1006 587 1219 626 vetusta,
1251 583 1299 621 de
1329 583 1470 634 quibus
1499 584 1655 634 copiose
1674 584 1771 623 Nae-

281 648 368 686 kius
397 648 436 686 in
467 647 490 686 l.
514 648 536 689 Ι.
559 647 751 693 disseruit,
784 649 1025 699 paucissimis
1055 648 1284 698 quibusdam
1316 649 1421 694 locis,
1454 649 1594 699 quibus
1615 649 1663 688 de
1683 662 1771 689 auc—

279 714 433 752 toritate
454 715 670 764 scripturae
691 715 819 753 minus
846 718 952 753 certo
975 719 1181 760 constaret,
1202 714 1338 754 vellem
1360 715 1564 754 consulere
1589 715 1773 755 licuisset.

281 779 347 818 sed
370 780 565 819 succurrit
593 793 637 820 ex
660 786 770 831 parte
799 780 992 820 desiderio
1013 780 1202 819 Hinckius
1231 793 1351 826 meus,
1375 782 1439 832 qui
1460 786 1498 820 et
1517 782 1774 821 Mutinensem

283 846 488 884 editionem
510 847 601 885 anni
624 844 729 886 1475
749 851 785 886 et
798 847 982 886 Aldinam
999 849 1175 896 priorem
1195 860 1228 885 a.
1249 845 1353 886 1517
1372 859 1454 886 mea
1475 849 1597 898 gratia
1618 849 1772 899 passim,

282 912 348 950 ubi
377 924 519 963 operae
548 914 712 964 pretium
749 917 860 958 esset,
890 913 1069 963 inspexit.
1123 913 1298 951 mihimet
1324 913 1465 963 vulgati
1495 918 1619 952 textus
1649 914 1774 952 sontes

282 978 357 1016 duo
378 983 606 1029 patuerunt,
635 979 822 1029 principis
852 979 1031 1018 editionis
1051 979 1247 1018 Romanae
1270 979 1533 1030 apographum
1556 979 1773 1020 Basileense

282 1049 320 1082 et
347 1044 483 1083 Aldina
512 1044 694 1085 secunda.
739 1045 786 1083 de
811 1044 951 1096 quibus
978 1056 1099 1096 pauca
1128 1046 1242 1083 etiam
1271 1046 1462 1084 monenda
1492 1051 1593 1085 sunt.

392 1144 412 1173 ε
439 1147 496 1166 ==
524 1132 645 1172 codex
684 1133 924 1172 Basileensis
961 1132 1188 1172 chartaceus
1225 1144 1325 1171 saec.
1358 1133 1435 1178 XV,
1476 1145 1496 1172 a
1527 1134 1684 1173 domino
1715 1134 1773 1173 lo-

283 1190 410 1237 hanne
440 1198 488 1237 de
518 1198 662 1249 Lapide
692 1199 857 1237 donatus
889 1197 1101 1238 cathedrali
1131 1198 1361 1244 Basileensi,
1395 1204 1573 1238 accurate
1604 1200 1774 1252 descrip-

284 1271 345 1303 tus
389 1276 410 1302 a
455 1264 600 1303 Naekio
654 1264 733 1304 Cat.
777 1277 815 1315 p.
854 1262 936 1304 365
973 1276 1056 1315 sqq.
1138 1271 1226 1316 post
1268 1265 1320 1303 lo.
1372 1266 1549 1304 Andreae
1602 1268 1774 1318 episcopi

282 1330 493 1369 Aleriensis
533 1330 714 1382 epistulas
751 1330 846 1369 duas
881 1332 920 1368 in
954 1332 1119 1382 primam
1151 1335 1187 1370 et
1216 1332 1256 1369 in
1285 1331 1495 1370 secundam
1526 1332 1673 1382 Virgilii
1703 1334 1772 1371 im-⁴

282 1397 526 1447 pressionem
557 1396 604 1435 ad
634 1396 794 1435 Paulum
823 1397 857 1435 11
894 1397 1030 1447 pontif.
1065 1409 1161 1435 maX.
1196 1397 1302 1436 datas
1332 1398 1444 1436 vitam
1475 1397 1643 1448 Virgilii,
1671 1400 1771 1450 ‘epi-

283 1467 496 1512 grammata
538 1462 726 1513 quaedam
765 1467 802 1501 et
839 1466 1062 1512 argumenta
1093 1463 1161 1501 Xll
1199 1463 1388 1501 Aeneidos
1424 1467 1606 1503 secuntur
1642 1466 1769 1512 culex,

284 1530 418 1576 dirae,
451 1540 576 1579 copa,
607 1533 664 1567 est
692 1533 729 1567 et
760 1539 836 1567 non
865 1534 941 1576 est,
973 1530 1034 1567 vir
1062 1530 1203 1578 bonas,
1234 1540 1363 1577 rosae,
1394 1534 1605 1575 moretum;
1635 1530 1774 1568 deinde

284 1601 371 1645 post
408 1595 480 1634 alia
520 1596 795 1646 epigrammata
840 1595 1027 1644 quaedam
1068 1596 1247 1634 bucolica
1281 1597 1473 1643 qeorqica
1511 1597 1650 1635 Aeneis
1686 1609 1773 1636 cum

284 1661 383 1700 libro
415 1660 499 1699 X-Ill
529 1673 550 1699 a
580 1661 742 1712 Mapheo
781 1660 922 1699 addito.
982 1673 1097 1699 manu
1136 1661 1255 1700 altera
1292 1661 1413 1700 multo
1450 1662 1578 1701 minus
1615 1662 1773 1714 pulchra

283 1732 438 1778 praeter
467 1726 540 1765 alia
570 1739 669 1778 quae
699 1726 759 1765 his
789 1726 936 1765 adnexa
956 1732 1045 1765 sunt
1073 1728 1239 1777 scriptae
1269 1728 1318 1765 de
1351 1728 1582 1767 Maecenate
1609 1731 1771 1777 elegiae,

284 1793 425 1832 deinde
456 1793 602 1841 Aetna,
639 1794 753 1843 ciris,
783 1795 1022 1832 catalecton.
1083 1792 1319 1843 descriptum
1351 1805 1435 1831 esse
1467 1794 1570 1833 hunc
1601 1794 1773 1833 codicem

284 1863 373 1898 ‘aut
392 1863 515 1898 totum
536 1865 603 1898 aut
621 1858 736 1909 longe
757 1860 960 1897 maximam
982 1860 1155 1908 partem'
1186 1871 1233 1897 ex
1252 1861 1422 1898 editione
1441 1861 1623 1899 Romana
1644 1863 1774 1900 altera

283 1938 317 1964 a.
352 1922 455 1964 1471
489 1929 526 1963 et
556 1923 721 1964 Orellius
752 1924 944 1975 Silligium
974 1924 1108 1964 docuit
1137 1929 1175 1963 et
1204 1924 1482 1964 demonstravit
1512 1926 1678 1965 Naekius
1709 1926 1771 1978 (cs.

284 2005 323 2042 p.
344 1989 423 2030 367
457 1996 494 2029 et
513 1989 621 2042 380),
655 2001 887 2041 quamquam
917 1995 1008 2030 sunt
1037 1991 1227 2042 quaedam
1257 1992 1358 2030 inter
1388 1991 1489 2031 hane
1511 1996 1548 2030 et
1578 1993 1774 2044 exemplar

267 2057 500 2097 ·Basileense
544 2057 802 2102 differentiae,
854 2068 952 2107 quae
996 2068 1074 2096 non
1118 2058 1267 2108 possint
1315 2056 1463 2096 librarii
1507 2057 1773 2108 neglegentiae

283 2123 410 2162 tribui.
468 2124 508 2162 in
544 2125 671 2163 culice
707 2135 828 2162 unum
867 2122 1132 2162 tantummodo
1170 2122 1367 2174 exemplar
1404 2136 1472 2162 ms.
1503 2135 1641 2174 parum
1678 2124 1771 2163 illud

283 2189 527 2228 emendatum
557 2188 631 2228 sibi
660 2190 699 2228 in
720 2195 874 2243 promtu
903 2189 1020 2228 fuisse
1050 2193 1180 2227 narrat
1210 2190 1428 2240 episcopus.
1472 2202 1570 2240 quae
1600 2203 1772 2230 accesse-

283 2260 374 2294 runt
403 2257 440 2294 in
471 2255 590 2294 altera
622 2255 681 2294 ed.
713 2255 885 2295 Romana
916 2255 1044 2294 Aetna
1080 2256 1174 2294 ciris
1211 2257 1409 2295 catalecta
1439 2267 1485 2294 ex
1515 2255 1648 2296 codice
1678 2269 1771 2306 quo-

282 2322 369 2362 dam
400 2322 603 2373 Pomponii
633 2322 739 2361 Laeti
777 2321 913 2361 mutilo
949 2322 990 2360 in
1027 2322 1102 2360 fine
1140 2317 1321 2370 lectuque
1359 2320 1585 2360 difficillimo
1621 2321 1679 2360 vel
1709 2322 1772 2361 hic

281 2388 359 2428 illic
389 2388 491 2427 laeso
523 2389 637 2428 etiam
668 2388 861 2439 descripta
889 2394 990 2426 sunt.
1049 2387 1152 2426 unde
1183 2388 1326 2427 factum
1357 2392 1398 2426 ut
1433 2375 1675 2427 hemistichia
1705 2388 1772 2427 ali-

285 2460 379 2505 quot
408 2455 546 2493 omissa
577 2455 665 2493 sint.
704 2456 899 2494 catalecta
933 2453 1068 2492 eodem
1099 2453 1236 2492 ordine
1266 2459 1307 2492 ut
1335 2454 1373 2492 in
1406 2455 1546 2493 ceteris
1575 2453 1772 2494 codicibus

282 2521 423 2559 nostris
452 2521 669 2572 perscripta
698 2525 805 2565 sunt,
843 2520 911 2559 sed
942 2520 1123 2560 deficiunt
1152 2520 1242 2559 inde
1272 2533 1293 2559 a
1322 2520 1391 2559 1111
1423 2533 1455 2558 v.
1485 2519 1531 2565 3,
1569 2525 1610 2559 ut
1647 2521 1773 2559 desint

281 2586 348 2625 llll
377 2585 403 2625 3
432 2599 514 2637 sqq.
553 2588 596 2625 V.
638 2586 699 2625 VI.
745 2586 1007 2637 subscriptum
1045 2588 1087 2624 P.
1135 2588 1296 2635 Vtrqilii
1337 2586 1514 2625 Maronis
1551 2588 1772 2626 Catalecton

281 2653 423 2691 desinit
460 2651 599 2691 litteris
643 2654 810 2692 miniatis
849 2652 993 2692 eisdem
1033 2652 1171 2703 quibus
1215 2652 1333 2692 ceteri
1371 2653 1411 2691 in
1455 2653 1584 2703 priore
1629 2652 1771 2692 codicis

280 2722 390 2769 parte
427 2718 526 2756 tituli
569 2720 692 2758 ornati
728 2724 836 2764 sunt,
881 2732 969 2759 cum
1006 2720 1046 2759 in
1076 2719 1195 2758 altera
1238 2722 1452 2758 atramento
1496 2719 1770 2770 inscriptiones

281 2784 405 2825 factae
434 2784 523 2823 sint.
