1884 3126
749 109 884 141 CAPUT
914 106 941 139 L
1563 88 1615 136 15

291 227 459 267 claudere
490 240 581 278 quac
611 239 716 265 cenas
746 227 886 264 lactuca
917 225 1058 263 solebat
1088 236 1258 267 avorum,

291 287 348 323 dic
377 287 482 326 mihi,
517 297 582 322 cur
611 290 755 322 nostras
782 283 929 321 incohat
957 282 1019 319 illa
1049 282 1183 331 dapes?

91 377 181 404 cuni
220 376 336 403 versu
368 360 422 402 76
460 361 522 412 (de
560 362 674 401 cuius
710 361 906 401 sentenfia
950 358 1159 398 dubuandi
1197 370 1314 398 causa
1343 357 1615 396 vvernsdorfio

90 431 195 470 nulla
234 429 331 482 erat)
370 429 588 470 Stauderus
626 429 669 468 in
708 428 798 468 Iulii
829 427 1008 467 Caesaris
1048 426 1200 466 diurnis
1238 425 1483 477 antiquitatis
1522 426 1616 463 anni

93 496 201 539 1853
232 511 268 550 p.
302 495 387 537 290
416 497 696 537 demonstravit
730 494 919 535 Martialis
957 499 1065 534 certe
1104 498 1230 534 aetate
1260 493 1383 533 multo
1415 494 1616 543 antiquius

93 579 190 606 esse.
237 565 340 617 quod
362 577 452 605 cum
472 566 551 604 iam
573 564 749 615 Scaliger
770 563 1104 608 animadverterit,
1128 575 1175 601 eo
1196 562 1320 614 magis
1342 562 1486 601 mirum
1508 560 1614 613 quod

92 634 281 685 Septimio
311 633 461 672 Sereno
498 631 635 672 maluit
665 644 780 683 quam
810 630 983 682 Vergilio
1014 630 1206 670 tribuere.
1265 631 1330 669 cui
1361 642 1408 668 eo
1440 629 1614 680 adstipu-

92 699 191 739 latus
244 705 303 739 est
353 699 526 740 Naekius
570 700 726 740 Catonis
772 711 810 751 p.
851 696 934 739 238
972 712 1030 751 sq.
1078 703 1120 737 ut
1157 697 1319 749 Vergilii
1362 710 1450 736 esse
1496 697 1616 735 conli-

91 767 232 806 denter
270 772 451 819 negaret,
491 768 579 818 quia
619 766 771 806 scilicet
800 766 911 806 stilus
942 767 1128 806 carminis
1158 778 1238 805 non
1270 771 1313 805 ut
1342 766 1384 804 in
1415 763 1547 803 Culice
1579 769 1618 803 et

92 834 171 874 Ciri
201 835 356 882 rudior,
397 835 467 875 sed
498 834 720 875 elaboratus
759 840 887 886 atque
907 839 1224 879 consummatus,
1264 840 1396 873 tamen
1427 846 1448 872 a
1479 833 1616 884 Vergi-

90 902 209 949 liano,
242 902 366 954 qualis
397 909 456 942 est
488 904 530 942 in
559 903 749 943 bucolicis
781 909 820 942 et
849 903 1057 954 georgicis,
1090 902 1270 941 diversus
1302 906 1416 940 esset.
1479 910 1613 940 verum

93 975 171 1019 est,
209 969 363 1010 adultae
394 975 433 1010 et
460 971 661 1023 perfectae
692 972 806 1016 artis,
845 983 925 1010 non
955 969 1120 1023 puerilis
1150 969 1269 1008 studii
1299 970 1502 1020 specimen
1533 968 1615 1008 Mo-

93 1025 228 1077 returif
262 1051 365 1087 esse,
410 1038 515 1089 quod
553 1044 683 1078 autem
722 1051 743 1077 a
782 1038 972 1078 bucolicis
1009 1043 1049 1077 et
1084 1037 1280 1089 georgicis
1318 1036 1461 1076 diversi
1498 1048 1616 1088 argu-

95 1106 216 1144 menti
253 1110 292 1144 et
328 1106 484 1157 generis
518 1106 694 1159 idyllium
725 1105 814 1145 stilo
844 1105 1087 1158 aliquantum
1117 1104 1246 1150 distat,
1279 1117 1359 1143 non
1389 1104 1514 1155 magis
1542 1105 1615 1143 mi-

95 1186 182 1212 rum
212 1186 330 1225 quam
360 1173 463 1224 quod
495 1173 680 1213 differunt
707 1174 812 1213 inter
833 1185 874 1212 se
904 1172 1082 1212 bucolica
1114 1178 1153 1212 et
1182 1173 1366 1223 georgica
1399 1177 1438 1211 et
1457 1173 1613 1212 Aeneis.

94 1253 138 1279 ac
159 1253 209 1280 ne
238 1242 388 1280 invenit
417 1241 574 1292 quidem
603 1241 723 1280 huius
751 1240 878 1293 idyllii
906 1246 1023 1292 poeta
1053 1245 1349 1291 argumentum:
1392 1252 1482 1279 nam
1515 1241 1615 1278 anti-

93 1308 207 1359 quior
251 1309 336 1347 sine
381 1307 501 1347 dubio
547 1309 715 1348 Suevius
759 1307 936 1348 eiusdem
985 1307 1090 1347 tituli
1133 1312 1317 1360 poemate
1358 1307 1614 1361 hortulanum

93 1380 289 1415 moretum
310 1376 520 1416 facientem
544 1376 827 1428 descripserat,
858 1375 963 1415 unde
994 1382 1083 1415 octo
1105 1387 1240 1415 versus
1261 1375 1513 1416 hexametros
1533 1388 1616 1415 ser-

93 1444 194 1483 vavit
216 1442 438 1483 Macrobius
460 1444 538 1484 Sat.
560 1444 612 1483 Ill
635 1442 700 1489 18,
724 1442 789 1482 11.
840 1444 949 1495 atqui
970 1443 1133 1482 Sues-ius
1162 1444 1268 1482 inter
1298 1449 1451 1483 veteres
1479 1449 1616 1495 poetas

93 1510 182 1550 illos
211 1510 296 1555 fuit,
329 1523 498 1562 quorum
528 1524 667 1551 aurum
688 1512 796 1551 Maro
827 1510 987 1562 collegit
1018 1517 1059 1550 ut
1089 1513 1130 1550 in
1166 1512 1248 1551 suis
1279 1511 1520 1551 carminibus
1549 1524 1615 1551 ex-

94 1582 262 1630 poneret
293 1577 391 1629 (vide
420 1577 661 1618 Macrobium
693 1579 771 1618 Sat.
806 1579 855 1618 VI
881 1577 916 1627 1,
948 1576 1015 1618 37.
1047 1576 1086 1624 5,
1122 1576 1200 1629 15).
1263 1592 1336 1619 nec
1366 1579 1615 1632 inprobabile

97 1643 259 1690 videtur,
291 1657 538 1686 communem
568 1647 610 1685 in
640 1646 715 1685 hoc
745 1645 904 1698 quidem
931 1651 1164 1697 argumento
1185 1647 1391 1698 utriusque
1412 1652 1615 1687 auctorem

96 1711 216 1753 fuisse
245 1712 514 1759 Parthenium,
547 1719 698 1753 motum
728 1718 858 1752 autem
888 1714 1021 1754 Suevii
1051 1714 1232 1766 exemplo
1264 1714 1478 1766 Vergilium
1509 1716 1614 1767 peri·

95 1779 227 1819 culum
257 1780 398 1820 fecisse
429 1793 524 1820 num
556 1780 721 1821 eandem
750 1793 835 1820 rem
867 1780 1085 1832 elegantius
1116 1787 1154 1820 et
1184 1781 1389 1833 pulchrius
1421 1795 1614 1822 exornare

93 1852 237 1899 posset.
282 1860 356 1887 nec
377 1847 519 1888 desunt
537 1850 577 1888 in
600 1850 774 1889 carmine
795 1849 1008 1900 Vergiliani
1029 1850 1224 1889 sermonis
1246 1851 1427 1901 vestigia:
1451 1851 1501 1890 cf.
1526 1864 1558 1889 e.
1579 1863 1612 1890 c.

94 1927 184 1954 cum
215 1927 248 1954 V.
282 1912 336 1954 82
367 1915 437 1955 ecl.
469 1916 486 1955 I
516 1914 582 1956 35.
643 1917 796 1957 Maroni
833 1918 952 1968 igitur
988 1917 1211 1957 tribuemus
1250 1918 1446 1957 Moretum
1486 1918 1614 1957 donec

95 1983 370 2022 monstraverit
398 1983 538 2034 aliquis
567 1985 698 2024 inesse
728 1997 827 2037 quae
858 1997 937 2023 non
968 1986 1122 2036 possint
1151 1984 1199 2024 ab
1232 1997 1278 2024 eo
1310 1990 1396 2025 orta
1427 1986 1569 2037 putari.

206 2049 452 2103 Synaloepba
491 2063 610 2103 parce
649 2056 687 2090 et
714 2051 856 2091 leniter
885 2065 982 2092 usus
1013 2057 1072 2091 est
1100 2058 1217 2104 poeta
1248 2053 1290 2091 in
1319 2053 1502 2092 versibus
1535 2051 1616 2091 124

94 2116 225 2156 decies
255 2119 422 2170 septies,
454 2125 515 2158 ter
544 2121 585 2158 in
616 2131 693 2158 uno
724 2132 838 2159 versu
868 2117 942 2159 96:
982 2125 1100 2171 atque
1130 2120 1169 2158 in
1200 2121 1329 2171 primo
1360 2120 1462 2172 pede
1493 2122 1615 2160 octies

77 2183 930 2238 (v.19.39.54.60.69.79.115.124L
962 2187 1211 2226 hisecundo
1243 2187 1610 2240 quhupnes(v.7l.

93 2250 159 2292 83.
183 2251 249 2293 86.
272 2252 338 2293 87.
362 2251 443 2306 96),
474 2255 515 2293 in
537 2261 675 2306 quarto
706 2260 767 2293 ter
797 2253 842 2305 (v.
866 2252 933 2294 25.
957 2253 1023 2294 73.
1048 2253 1128 2306 77).
1191 2254 1313 2294 semel
1344 2255 1613 2307 diphthongus

94 2331 144 2359 ae
172 2322 213 2359 in
243 2320 482 2373 synaloepha
510 2322 636 2372 posita
668 2320 715 2369 (v.
739 2319 819 2372 77),
851 2321 993 2360 vocalis
1023 2322 1212 2374 producta
1243 2325 1260 2361 τ’
1288 2322 1347 2362 bis
1371 2323 1416 2375 (V.
1440 2321 1506 2363 69.
1531 2322 1613 2375 96),

95 2387 164 2426 scd
201 2399 223 2425 e
260 2393 443 2439 correpta
488 2389 609 2427 octies
652 2387 698 2439 (v.
733 2386 797 2427 19.
837 2387 903 2428 71.
944 2387 1011 2429 73.
1050 2388 1117 2429 86.
1158 2388 1224 2430 87.
1266 2389 1333 2430 96.
1377 2389 1469 2430 115.
1504 2389 1612 2443 124).

96 2468 190 2506 ergo
219 2455 478 2507 praeferenda
510 2468 646 2495 versus
675 2454 728 2495 37
760 2456 886 2496 forma
916 2456 1024 2503 haec,
1056 2459 1214 2509 optimis
1244 2457 1358 2498 libris
1390 2460 1562 2499 firmata:

296 2548 388 2585 banc
416 2553 519 2585 vocat
549 2554 664 2596 atque
694 2560 838 2586 arsura
869 2549 958 2586 focis
989 2550 1164 2598 inponere
1194 2551 1292 2599 ligna

94 2602 150 2642 illi

296 2661 387 2698 hanc
417 2667 518 2698 vocat
547 2667 656 2709 atque
687 2662 777 2699 focis
808 2674 950 2700 arsura
981 2666 1166 2711 inponere
1196 2663 1305 2712 ligna.
