1884 3126
783 157 929 185 cimex.
1321 203 1326 212 .
1567 138 1622 181 93

213 284 332 324 quom
362 271 459 311 mihi
488 276 532 311 tu
563 271 616 310 sis
646 282 765 310 eausa
795 268 888 308 mali
918 280 992 308 nec
1022 267 1204 307 conscius
1235 267 1351 306 adsis.

214 345 281 385 sed
314 350 356 384 tu
387 344 598 384 mobilibus
629 345 736 384 curis
765 343 863 383 haec
892 344 1088 382 inmemor
1118 340 1240 386 audis,

213 425 252 459 et
281 424 411 459 tamen
443 419 516 458 etsi
545 418 678 463 audis,
711 417 883 457 dimittes
913 416 1043 456 omnia
1074 415 1202 454 ventis
1487 423 1490 431 ·
1541 415 1623 452 380

214 498 252 532 et
282 505 368 532 mea
399 492 560 532 diffusas
589 491 791 542 rapientur
821 490 923 530 dicta
950 502 1023 542 per
1054 501 1184 528 auras.
1542 488 1622 525 383

170 577 176 583 ·
214 566 415 618 digredior
445 577 662 616 numquam
693 564 914 604 rediturus:
946 568 988 602 tu
1019 561 1104 601 cole
1134 562 1254 601 fontis
1541 562 1619 599 381

214 645 252 679 et
281 639 414 679 viridis
442 650 649 679 nemorum
680 637 794 677 silvas
825 642 864 676 et
893 648 1038 688 pascua
1068 634 1222 674 laetus.²

215 713 313 753 dixit
343 719 381 752 et
411 719 586 752 extrema
615 712 738 751 tristis
769 723 857 750 cum
887 722 982 750 voce
1012 710 1189 749 recessit.
1542 707 1623 745 384

270 804 385 843 Hunc
414 803 469 842 ibi
497 802 710 842 sollicitum
740 801 890 841 dimisit
918 800 1062 839 inertia
1094 800 1208 844 vitae,
1479 822 1483 825 ψ
1541 798 1622 836 385

212 878 379 916 interius
407 877 577 928 graviter
608 880 892 926 regementem.
950 885 1024 913 nec
1057 872 1145 912 tulit
1174 871 1276 911 ultra

214 949 397 990 sensibus
426 950 600 994 infusum
631 948 767 988 culicis
799 948 848 987 de
878 953 1006 987 morte
1037 946 1236 985 dolorem:

214 1029 574 1075 quantumcumque
604 1022 679 1062 sibi
708 1023 812 1062 vires
844 1020 1019 1061 tribuere
1050 1019 1194 1059 seniles

215 1096 315 1147 (quis
345 1102 476 1136 tamen
506 1097 694 1136 infestum
725 1106 903 1147 pugnans
933 1094 1132 1133 devicerat
1161 1092 1344 1144 hostem),

214 1171 341 1210 rivum
371 1174 534 1222 propter
563 1181 687 1221 aquae
717 1168 831 1208 viridi
860 1167 934 1207 sub
964 1167 1107 1207 fronde
1137 1166 1325 1206 latentem
1541 1167 1624 1205 390

214 1243 463 1283 conformare
492 1242 623 1282 locum
655 1243 758 1294 capit
787 1242 968 1293 impiger.
1020 1240 1126 1280 hune
1158 1245 1197 1279 et
1226 1241 1266 1278 in
1298 1238 1435 1279 orbem

186 1426 267 1464 378
298 1425 413 1470 Quom
456 1426 505 1463 γε
535 1425 622 1461 Cum
657 1424 760 1461 ²P‘co?
846 1436 951 1461 causa
980 1425 1062 1460 mali
1092 1435 1158 1460 nee
1199 1424 1288 1470 Vta,
1323 1424 1490 1460 Bembus
1519 1434 1624 1460 causa

102 1482 183 1518 mali
212 1493 256 1519 ne
288 1483 317 1519 C
352 1493 457 1518 eausa
495 1481 650 1530 maligne
680 1482 760 1518 EH
793 1492 897 1517 causa
935 1481 1091 1531 maligne
1131 1481 1167 1517 Γ
1196 1492 1301 1517 causa
1338 1480 1515 1528 malignae
1545 1479 1630 1516 ΑΨ

102 1550 243 1575 causam
281 1538 370 1574 alme
402 1538 432 1582 Q
526 1539 614 1573 assis
645 1547 665 1575 ε
696 1539 770 1573 axis
812 1538 844 1574 V
955 1537 1035 1574 379
1067 1537 1131 1573 sed
1168 1542 1208 1572 tu
1245 1535 1436 1573 mobilibus
1468 1539 1622 1583 scripsi.

103 1594 172 1631 Sed
218 1593 459 1631 tolerabilibus
499 1594 581 1631 CPe
626 1593 696 1630 Sed
734 1593 955 1630 tolerabilius
993 1594 1172 1631 BVYltoe
1211 1593 1279 1629 Sed
1312 1592 1546 1629 tollerabilius
1584 1595 1627 1630 H

104 1661 170 1686 nec
199 1649 443 1687 tolerabilibus
475 1651 639 1687 Bembus
667 1649 951 1686 intolerabilibus
980 1651 1260 1697 Hertzberyius
1345 1650 1414 1686 hoe
1445 1651 1488 1686 H
1498 1651 1541 1687 Vl

103 1707 289 1743 immemor
327 1707 446 1744 BYle
547 1706 611 1742 sed
656 1706 722 1742 iam
767 1717 904 1742 memor
948 1706 1029 1742 audi
1073 1707 1352 1754 Herezberyz'us
1475 1707 1557 1744 380
1588 1713 1623 1743 et

105 1768 220 1798 tamen
265 1764 332 1799 etsi
374 1762 474 1798 audis
506 1763 703 1809 Hauptius
741 1762 784 1798 Et
814 1768 932 1799 tamen
970 1768 1010 1799 ut
1041 1763 1139 1798 uadis
1171 1762 1292 1807 EQ2P‘
1325 1762 1394 1799 Sed
1435 1767 1553 1800 tamen
1585 1770 1623 1799 ut

104 1818 202 1855 uadis
231 1821 246 1855 l
281 1817 324 1855 Et
356 1824 470 1855 tamen
507 1824 547 1855 ut
578 1818 684 1855 uadas
714 1820 753 1855 F
787 1818 953 1855 Erramus
984 1825 1024 1855 ut
1057 1819 1144 1855 uada
1175 1821 1207 1854 Α
1244 1824 1280 1855 et
1310 1826 1428 1855 tamen
1458 1820 1495 1855 in
1526 1821 1622 1856 vanis

103 1884 150 1912 εα
188 1886 278 1923 quae
314 1881 432 1911 tamen
469 1881 509 1911 ut
546 1876 643 1911 vanis
675 1875 842 1912 Bembus
879 1881 915 1911 et
952 1881 1070 1912 tamen
1108 1886 1223 1924 usque
1258 1877 1358 1924 vagis
1390 1875 1558 1924 Silliyius
1588 1882 1623 1912 et

102 1942 185 1968 cave
214 1943 259 1968 ne
289 1932 386 1968 vanis
415 1932 695 1979 Hertzberyms
781 1932 939 1968 dimittes
971 1933 1088 1969 omnia
1118 1933 1200 1977 AQt
1230 1932 1373 1968 dimites
1405 1934 1522 1968 omnia
1551 1933 1629 1970 ΡΙ

103 2020 243 2057 dimitte
272 2022 410 2057 somnia
439 2021 656 2059 BCEFHle
694 2022 833 2059 dimitte
871 2023 921 2070 (h.
955 2034 987 2059 e.
1020 2022 1214 2070 dimittere)
1250 2019 1373 2071 sopuia
1414 2025 1448 2060 V
1472 2023 1621 2059 dimittis

103 2078 240 2113 somnia
270 2090 295 2113 α
326 2077 509 2114 dimittens
541 2079 658 2114 omnia
691 2079 853 2116 Bembus
939 2079 1020 2117 383
1053 2082 1182 2116 versui
1211 2079 1293 2117 380
1324 2081 1503 2116 adiunxit
1526 2080 1621 2116 Sca-

103 2135 200 2180 liyer
285 2133 434 2170 diffusus
470 2134 507 2170 P
597 2136 782 2183 rapientur
818 2136 994 2184 Scaliyer
1030 2137 1221 2184 rapiuntur
1261 2134 1336 2171 Ψω
1372 2137 1559 2184 rapiantur
1589 2146 1620 2182 ε,

104 2190 269 2226 Bembus
390 2190 469 2228 381
502 2190 710 2239 Disgredior
751 2192 795 2228 Vl
897 2193 1094 2228 moriturus
1145 2192 1174 2228 V
1272 2192 1384 2228 sontis
1423 2193 1459 2227 B
1502 2192 1622 2228 sontes

105 2246 297 2284 CHVYIe
333 2246 472 2283 frontes
509 2249 542 2283 A
586 2247 817 2294 (in.ceteris
854 2253 981 2285 utrum
1019 2248 1129 2284 sontis
1167 2260 1217 2284 an
1252 2248 1371 2284 sontes
1403 2251 1451 2285 sit
1480 2248 1622 2296 nescio)

188 2302 268 2339 382
298 2302 422 2338 uiridis
452 2303 606 2340 BCHY
642 2303 776 2340 uirides
824 2305 921 2346 Vea,
967 2304 1134 2341 Bembus
1177 2304 1310 2340 condes
1340 2307 1354 2341 l
1390 2303 1442 2352 (in
1483 2308 1624 2342 ceteris

105 2363 233 2394 utrum
270 2358 393 2394 uiridis
431 2371 480 2395 an
519 2359 652 2395 uirides
690 2362 738 2396 sit
775 2358 916 2409 nescio)
1005 2360 1096 2396 silua
1134 2359 1165 2404 Q
1203 2360 1304 2396 siluis
1334 2362 1378 2398 H
1404 2374 1451 2398 m.
1487 2363 1508 2398 1

106 2413 186 2450 385
218 2412 265 2449 ibi
302 2416 456 2460 scripsi.
495 2415 579 2451 mihi
610 2415 639 2451 C
676 2415 733 2451 ubi
769 2415 860 2463 Ψω,
901 2418 1070 2454 Bembus
1155 2417 1330 2453 sollicitae
1369 2418 1531 2455 Bothius

106 2469 187 2506 386
215 2469 392 2506 lucercius
422 2471 466 2506 H
483 2483 529 2506 m.
555 2471 576 2507 1
697 2482 785 2520 rege
815 2478 970 2509 mentem
999 2474 1078 2510 PF
1108 2474 1202 2522 regit
1232 2479 1387 2510 mentem
1416 2477 1430 2511 l
1467 2480 1622 2511 mentem

105 2536 213 2574 aeger
242 2534 307 2571 εα,
351 2525 514 2563 Bembus
634 2527 714 2564 387
746 2528 920 2567 inclusum
958 2530 1011 2566 ΚΖ
1048 2530 1232 2566 incussum
1269 2531 1472 2567 Iacobsius
1558 2531 1623 2567 do-

105 2586 221 2618 morte
251 2582 295 2618 H
405 2582 486 2620 388
517 2583 612 2619 uires
649 2582 715 2619 sibi
757 2585 786 2620 V
829 2615 834 2619 ,
905 2585 984 2623 389
1016 2597 1156 2634 pugnas
1204 2587 1248 2623 Vl
1362 2587 1444 2624 390
1473 2593 1624 2636 propter

105 2649 217 2686 aquae
249 2637 346 2681 CEQ
360 2639 477 2685 Vleoz,
517 2639 684 2676 Bembus
701 2646 842 2716 ⁴¹>preter
871 2653 960 2690 aque
999 2643 1035 2679 Y
1057 2647 1201 2691 praeter
1231 2654 1342 2691 aquae
1372 2643 1486 2680 BHP
1515 2655 1623 2692 prop--

105 2733 203 2764 terea
232 2729 264 2763 Α
357 2728 479 2765 uiridis
509 2730 541 2765 A
635 2730 755 2766 sronte
786 2731 816 2768 C
842 2731 961 2768 fronte
992 2733 1035 2768 H
1060 2746 1107 2770 m.
1143 2734 1164 2769 1
1269 2733 1445 2770 labentem
1479 2733 1509 2778 Q

106 2783 185 2821 391
217 2783 434 2822 Confirmare
463 2788 478 2822 l
570 2787 665 2834 cepit
694 2788 737 2823 H
764 2800 814 2825 an
846 2789 992 2836 incipit?
1094 2790 1236 2838 inpiger
1276 2790 1308 2826 V
1334 2791 1448 2839 imper
1477 2791 1513 2828 P

107 2841 143 2876 in
174 2853 243 2877 om.
288 2843 319 2877 V
