1884 3126
339 204 394 245 40
923 216 1253 244 PROLEGOMENON

454 327 573 367 Huius
604 332 732 366 tamen
762 325 928 377 sylloges
958 325 1128 376 singulas
1157 337 1227 376 per
1259 326 1411 375 eclogas
1442 326 1506 374 qni
1534 324 1824 376 perlustraverit

341 393 463 431 varias
499 393 705 437 lectiones,
744 405 792 431 ne
829 397 979 431 ceteros
1017 392 1169 442 quidem
1200 391 1319 430 libros
1348 392 1518 442 reperiet
1547 403 1594 430 ex
1623 391 1737 441 longe
1767 391 1823 429 di-

342 471 451 498 verso
486 459 592 498 fonte
622 459 812 509 originem
843 459 1004 509 cepisse.
1065 457 1167 509 quod
1197 458 1237 495 in
1274 459 1454 508 culice,
1493 469 1542 496 ne
1573 457 1620 496 de
1649 462 1823 508 transpo-

341 526 423 564 sitis
452 525 630 564 versibus
651 525 788 567 dicam,
820 524 1030 563 clarissime
1060 523 1344 563 demonstratur
1365 524 1625 563 communium
1648 524 1823 563 vitiorum

340 591 418 630 sive
448 596 725 639 monstrorum,
755 590 992 635 lacunarum,
1024 589 1363 641 interpolationum
1388 591 1447 640 (cf.
1471 603 1503 628 v.
1526 588 1592 629 26.
1614 588 1707 628 281.
1730 588 1823 641 319)

341 656 597 701 multitudine,
631 658 739 695 cuius
768 668 979 707 permagna
1010 668 1099 707 pars
1130 657 1368 708 compendiis
1398 657 1614 708 scripturae
1643 655 1743 695 male
1767 657 1825 695 in-

342 722 503 761 tellectis
535 723 595 773 (cf.
627 735 659 761 V.
690 720 757 762 50.
789 719 855 761 66.
886 720 951 762 95.
987 720 1076 761 119.
1112 720 1202 761 132.
1236 720 1327 762 155.
1361 721 1453 762 168.
1488 720 1578 762 170.
1608 720 1702 761 246.
1733 720 1827 762 247.

340 787 432 827 262.
471 786 565 827 272.
604 787 698 828 307.
729 786 824 827 311.
855 786 949 827 314.
979 786 1073 827 315.
1104 786 1197 827 319.
1228 786 1323 827 342.
1355 787 1469 840 366),
1508 788 1581 827 alia
1610 788 1825 827 litterarum

341 854 577 893 obscuritate
614 854 764 893 videtur
800 858 884 893 orta
921 866 1022 893 esse:
1060 859 1102 893 ut
1131 853 1381 906 archetypum
1419 854 1622 894 elementis
1656 854 1826 905 capitali-

342 920 414 958 bus
451 920 612 959 cursivis
650 919 773 969 qualia
810 932 935 970 nuper
972 921 1009 958 in
1046 919 1332 970 prolegomenis
1362 921 1546 972 descripsi
1575 922 1666 960 satis
1696 920 1826 970 negle-

341 991 477 1036 genter
514 990 712 1025 exaratum
750 997 794 1024 ac
830 987 1016 1036 temporis
1052 986 1190 1024 iniuria
1228 992 1287 1024 sat
1315 986 1446 1025 multis
1474 985 1569 1025 locis
1598 986 1658 1024 vel
1688 986 1824 1025 obscu-

341 1057 465 1090 ratum
502 1051 560 1090 vel
597 1051 693 1090 adeo
731 1051 973 1090 imminutum
1016 1051 1135 1090 fuisse
1178 1052 1363 1102 suspicer.
1422 1052 1524 1090 unde
1568 1065 1656 1091 cum
1699 1057 1828 1091 nostra

342 1117 576 1168 exemplaria
613 1118 741 1155 omnia
771 1117 892 1156 varias
921 1129 992 1167 per
1021 1118 1123 1156 vices
1157 1117 1348 1168 descripta
1377 1118 1471 1162 sint,
1510 1123 1548 1157 et
1576 1120 1681 1157 vario
1712 1119 1827 1157 modo

341 1183 404 1222 hic
440 1183 555 1222 modo
592 1182 670 1221 illic
700 1195 888 1222 consensu
927 1183 1027 1222 varia
1057 1183 1162 1222 vides
1192 1185 1372 1234 coniungi
1402 1196 1475 1223 nec
1502 1184 1622 1223 ullum
1653 1185 1734 1224 sere
1763 1191 1829 1224 aut

343 1250 442 1288 vitiis
486 1251 566 1288 suis
608 1248 868 1300 peculiaribus
913 1254 980 1288 aut
1023 1249 1226 1288 virtutibus
1271 1249 1501 1299 quibusdam
1546 1262 1694 1290 carere.
1760 1251 1827 1290 sed

340 1315 455 1366 paulo
483 1316 636 1367 saepius
667 1326 781 1365 quam
812 1327 898 1354 cum
930 1315 1014 1354 aliis
1042 1316 1142 1354 inter
1171 1328 1212 1354 se
1242 1321 1462 1366 congruunt
1491 1316 1537 1355 ab
1568 1316 1687 1356 altera
1717 1323 1827 1368 parte

343 1383 576 1432 ABGEPV,
616 1381 663 1420 ab
701 1381 820 1420 altera
849 1383 891 1421 Η
900 1383 962 1429 Vl,
1004 1382 1070 1431 qui
1108 1382 1179 1433 ipsi
1216 1393 1371 1434 quoque
1409 1382 1523 1434 paulo
1562 1383 1682 1433 magis
1712 1395 1827 1434 quam

342 1448 397 1486 illi
426 1447 788 1499 interpolationibus
821 1448 876 1486 vel
906 1449 1033 1498 pravis
1063 1449 1295 1487 coniecturis
1324 1450 1514 1498 inquinati
1549 1454 1655 1495 sunt,
1694 1462 1827 1500 quam-

343 1525 456 1563 quam
499 1526 625 1564 neque
661 1513 816 1552 illorum
855 1513 953 1552 ullus
989 1515 1171 1553 immunis
1207 1515 1319 1554 huius
1355 1515 1451 1554 labis
1489 1520 1547 1555 est
1583 1527 1654 1554 nec
1689 1515 1827 1554 horum

343 1593 414 1631 ope
445 1580 491 1619 ad
522 1580 797 1630 corrigendum
828 1585 973 1619 textum
1003 1581 1125 1619 careri
1154 1585 1292 1632 potest.

452 1679 493 1717 ln
527 1679 796 1718 emendatione
834 1678 967 1718 culicis
996 1691 1093 1730 quae
1123 1684 1210 1729 post
1238 1680 1286 1718 M.
1320 1679 1527 1730 Hauptium
1557 1680 1640 1731 ipse
1670 1685 1828 1720 conatus

342 1757 426 1784 sum
456 1746 496 1783 in
527 1756 621 1783 mus.
645 1744 768 1783 Rhen.
791 1742 1010 1783 XV111100
1029 1756 1112 1795 sqq.
1145 1745 1233 1782 olim
1265 1745 1432 1783 defendi.
1497 1757 1617 1796 pauca
1648 1747 1829 1785 secundis

340 1811 442 1849 curis
479 1810 572 1848 mihi
609 1810 772 1849 subnata
809 1815 917 1849 sunt:
965 1822 997 1849 e.
1029 1822 1064 1860 g.
1096 1811 1135 1848 in
1173 1811 1421 1850 restituendis
1454 1811 1630 1850 versibus
1659 1810 1713 1851 35
1742 1824 1825 1862 sqq.

340 1876 558 1926 religiosius
599 1887 712 1926 quam
749 1877 788 1914 in
826 1875 1031 1926 proecdosi
1066 1881 1220 1915 secutus
1257 1889 1342 1915 sum
1381 1877 1555 1915 codicum
1593 1879 1827 1928 optimorum

1322 1937 1338 1953 r

341 1965 556 2003 testimonia
599 1963 650 2015 (in
680 1963 889 2015 archetypo
929 1963 1044 2003 fuisse
1079 1964 1229 2005 videtur
1276 1937 1507 2014 decurrere,
1547 1965 1650 2004 unde
1685 1967 1827 2005 factum

330 2030 612 2082 ,pdecurrerefl
646 2043 677 2068 v.
703 2028 782 2069 170
800 2029 884 2068 Aldi
914 2031 1102 2081 scriptura
1126 2030 1174 2081 (et
1195 2030 1294 2082 fert)
1318 2032 1484 2070 monitus
1514 2022 1674 2071 verbum
1702 2032 1830 2080 ecfert

340 2110 385 2136 ex
422 2097 611 2135 librorum
652 2096 789 2135 litteris
825 2097 904 2143 etse
934 2096 1059 2135 elicui.
1118 2109 1196 2135 nou
1234 2098 1339 2135 omni
1378 2110 1423 2136 ex
1460 2102 1570 2148 parte
1607 2098 1700 2136 mihi
1737 2100 1827 2138 satis

339 2165 483 2202 faciunt
512 2175 609 2213 quae
630 2175 662 2201 v,
685 2161 765 2202 318
786 2163 981 2214 proposui,
1013 2162 1081 2201 sed
1112 2174 1244 2201 verum
1270 2158 1312 2201 ‘in
1342 2162 1443 2201 libro
1474 2164 1511 2201 V
1534 2163 1684 2202 fidelius
1712 2177 1825 2215 quam

339 2230 378 2268 in
409 2230 548 2268 ceteris
586 2228 765 2267 omnibus
802 2233 994 2267 servatum
1027 2240 1111 2266 esse
1141 2240 1219 2266 non
1250 2227 1396 2268 dubito.
1457 2228 1581 2267 eidem
1611 2229 1757 2268 credidi
1787 2232 1825 2269 iu

339 2308 371 2334 v.
396 2293 478 2335 330
509 2299 546 2334 et
576 2295 749 2345 quamvis
778 2295 999 2333 inusitatum
1027 2305 1266 2342 generantem
1289 2293 1519 2334 vocabulum
1540 2295 1826 2334 commendanti

338 2374 371 2399 V.
403 2359 496 2405 334,
527 2360 629 2412 quod
659 2365 786 2400 tamen
818 2360 865 2400 ad
893 2372 1055 2409 qermen
1085 2365 1123 2399 et
1149 2372 1276 2400 semen
1306 2361 1506 2399 nominum
1537 2360 1826 2401 similitudinem

340 2427 472 2467 auderi
518 2426 722 2477 aliquando
759 2438 779 2464 a
819 2426 883 2465 tali
927 2427 1155 2478 praesertim
1200 2427 1458 2466 versificatore
1502 2432 1663 2478 poterat.
1723 2432 1826 2467 certe

340 2493 442 2543 quod
480 2493 713 2545 optimorum
751 2492 937 2531 librorum
968 2505 1158 2532 consensu
1196 2493 1292 2532 adeo
1323 2493 1591 2542 confirmatur,
1634 2493 1704 2532 alia
1735 2506 1826 2533 con-

339 2561 486 2599 iectura
515 2564 670 2611 recepta
700 2558 886 2598 obsucare
916 2559 1036 2598 nolui:
1070 2571 1157 2598 nan]
1189 2559 1423 2598 deteriorum
1455 2571 1606 2610 quoque
1629 2559 1710 2611 (Ill)
1740 2573 1824 2599 cor-

339 2624 515 2676 ruptelae
556 2631 664 2665 ortae
706 2626 883 2664 videntur
926 2638 971 2664 ex
1016 2625 1245 2675 glossemate
1287 2630 1498 2674 qeneratus
1535 2637 1623 2664 cum
1659 2626 1824 2675 genuina

336 2703 574 2740 qeneramen
605 2691 725 2730 forma
756 2704 827 2742 per
858 2691 1100 2731 librariorum
1132 2696 1330 2743 stuporem
1361 2692 1475 2730 variis
1501 2691 1625 2730 modis
1646 2691 1823 2731 conflato.

339 2759 433 2796 item
467 2758 506 2795 in
539 2769 570 2796 v,
602 2755 682 2796 357
722 2757 844 2796 codici
885 2759 921 2796 V
945 2770 1046 2797 nunc
1083 2758 1353 2809 obtemperare
1392 2756 1505 2796 malui
1543 2769 1655 2807 quam
1692 2758 1823 2797 admo-

340 2824 427 2862 dum
459 2821 615 2862 dubiam
645 2824 866 2872 navifraqa
895 2823 1071 2864 vocabuli
1099 2823 1333 2875 prosodiam,
1365 2824 1427 2863 cui
1447 2823 1704 2874 Vergilianum
1734 2827 1824 2864 ‘na-
