1884 3126
721 181 854 209 CAPUT
885 180 932 206 11.
1538 158 1595 201 35

67 304 152 338 tum
182 302 269 350 post
299 309 419 337 vacua
449 294 540 335 solia
571 294 649 334 duo
681 297 720 333 et
749 292 952 332 dimidium
983 294 1171 330 secuntur
1201 287 1470 327 recentiorum
1500 297 1593 338 poe-

68 372 195 405 tarum
227 366 402 404 carmina
434 364 552 403 varia.

182 444 224 483 ln
256 443 383 483 culice
414 447 502 496 post
532 455 565 482 v,
586 440 656 481 41.
686 439 753 481 57.
786 437 853 480 78.
885 437 953 479 93.
987 435 1080 478 103.
1117 433 1196 478 156
1229 434 1477 487 singulorum
1508 445 1594 472 ver-

69 511 284 552 siculorum
322 511 446 564 spatia
483 509 634 550 relicta.
693 509 778 560 ipse
816 507 966 548 contuli
1005 518 1105 559 quae
1142 505 1189 545 ad
1221 502 1431 545 consilium
1462 514 1595 541 meum

70 581 319 632 pertinerent
357 584 395 618 et
437 578 565 617 littera
607 577 738 616 notavi
766 578 792 615 l.
853 580 1030 615 ceterum
1063 573 1113 614 cl'.
1145 572 1321 612 Naekius
1351 583 1390 623 p.
1422 567 1506 610 353
1536 580 1594 619 sq.

72 661 118 687 ex
151 647 289 699 Heynii
319 645 430 685 libris
460 645 551 685 huic
581 643 806 684 simillimus
838 648 897 682 est
926 641 1197 682 Koelerianus.

184 748 632 796 Cantabriyiensis
671 758 735 786 no.
766 743 891 786 2076.
924 745 996 785 Kk.
1031 757 1065 784 v.
1096 741 1164 789 34,
1203 742 1430 794 descriptus
1460 740 1502 779 in
1534 751 1597 779 ca-

71 817 200 868 talogo
238 828 332 855 mss.
370 816 474 854 univ.
507 813 692 854 Cantabr.
723 813 775 853 111
805 827 844 866 p.
878 809 1103 853 703-706
1143 817 1182 851 et
1219 812 1260 850 in
1292 822 1392 849 mus,
1422 807 1549 848 Rhen.
1583 807 1597 846 Ι

74 883 154 924 135
184 896 242 935 sq.
274 882 429 933 (quibus
468 881 647 921 addenda
689 893 788 934 quae
818 882 868 921 M.
901 881 1093 933 Hauptius
1130 881 1169 919 in
1202 879 1414 919 lectionum
1447 874 1599 916 Beroli-

72 953 252 992 nensium
285 955 379 990 aest.
406 947 516 989 1854
535 949 664 990 indice
685 962 725 1002 p.
748 947 775 988 2
795 949 974 999 monuit),
1006 948 1238 1000 nuperrime
1266 958 1359 985 vero
1381 944 1431 984 ab
1452 946 1599 984 Aetnae

74 1020 224 1073 editore
268 1019 544 1058 recentissimo
593 1017 642 1056 H.
681 1018 725 1057 Α.
765 1017 793 1056 Ι.
833 1017 973 1057 Munro
1019 1029 1057 1069 p.
1096 1013 1152 1055 29
1184 1027 1242 1067 sq.
1292 1013 1470 1053 continet
1510 1015 1601 1064 post

76 1092 339 1126 commentum
373 1085 570 1136 quoddam
601 1097 818 1137 paucorum
840 1096 1025 1124 versuum
1048 1085 1099 1125 de
1123 1082 1326 1132 parabola
1352 1081 1431 1128 filie·
1458 1080 1600 1129 deper-

76 1156 153 1194 diti
184 1155 396 1194 duodecim
425 1155 613 1194 carmina
642 1153 828 1202 Ausonii,
869 1158 952 1191 tum
992 1155 1152 1191 ‘versus
1180 1150 1214 1189 L
1245 1150 1295 1188 de
1332 1148 1507 1198 quodam
1537 1158 1600 1186 su-

70 1223 219 1272 perbo’
251 1221 368 1260 medii
399 1221 494 1266 aevi,
528 1221 698 1269 eleqiam
728 1221 779 1259 de
807 1221 883 1260 deo
911 1225 950 1258 et
977 1223 1129 1258 natura
1150 1218 1234 1256 aevi
1255 1216 1478 1261 Christiani,
1512 1217 1602 1254 ‘res

75 1290 214 1337 Rufini
247 1290 297 1327 de
321 1288 571 1338 ponderibus
599 1292 639 1326 et
667 1288 885 1326 mensuris'
926 1286 972 1338 (v.
1008 1283 1207 1336 1—162),
1245 1283 1339 1323 inde
1369 1297 1390 1324 a
1421 1282 1515 1323 solio
1545 1279 1602 1321 20

74 1358 253 1404 culicem,
286 1356 457 1394 Aetnam
488 1353 659 1406 denique
690 1353 763 1394 hac
786 1355 1061 1407 inscriptione:
1091 1343 1346 1393 F·v1RG1L11
1376 1349 1599 1392 MARONIS

75 1423 273 1464 AETHNA
303 1421 500 1462 INCIPIT.

187 1501 513 1542 Membranaceus
545 1506 614 1547 est,
644 1501 686 1540 in
715 1499 760 1540 40
792 1501 933 1542 maiori
962 1500 1066 1541 foliis
1085 1498 1140 1540 47
1165 1499 1338 1551 scriptus
1368 1496 1525 1538 saeculo
1546 1496 1599 1537 IX

76 1570 135 1610 vel
165 1569 200 1609 X
230 1570 368 1610 eadem
407 1581 545 1618 manu,
593 1568 738 1609 litteris
776 1568 988 1609 admodum
1019 1568 1260 1621 perspicuis,
1305 1578 1386 1606 non
1417 1566 1603 1606 continua

75 1639 308 1690 scriptione,
355 1636 425 1677 sed
471 1637 763 1677 accuratissime
806 1636 1041 1689 plerumque
1085 1636 1219 1676 divisis
1256 1634 1387 1674 verbis
1425 1633 1603 1686 singulis,

78 1707 153 1745 nisi
198 1705 302 1758 quod
349 1703 509 1744 voculae
553 1704 774 1755 quaedam,
826 1705 1141 1757 praepositiones
1186 1704 1355 1743 maxime
1400 1707 1439 1742 et
1482 1703 1604 1754 parti-

78 1774 209 1819 culae,
261 1773 396 1812 vicinis
427 1771 628 1812 vocabulis
658 1771 865 1812 adiunctae
895 1777 987 1812 sunt
1017 1772 1064 1824 (e.
1102 1784 1139 1823 g.
1176 1773 1249 1821 qui
1284 1783 1318 1809 v.
1352 1767 1447 1810 239.
1496 1770 1606 1819 quod

78 1839 175 1882 410.
214 1852 303 1881 cum
324 1837 392 1880 69.
416 1837 512 1880 345.
555 1845 596 1880 ut
614 1837 654 1879 2.
677 1837 744 1879 91.
767 1837 862 1880 214.
906 1841 944 1880 si
959 1838 1026 1880 57.
1067 1851 1137 1879 seu
1157 1836 1253 1879 345.
1285 1842 1323 1878 et
1348 1835 1415 1877 12.
1440 1834 1504 1876 19.
1534 1834 1602 1876 23.

77 1907 145 1950 36.
174 1906 241 1949 38.
272 1906 340 1948 43.
370 1905 437 1947 45.
468 1905 536 1947 51.
559 1904 627 1947 58.
652 1905 718 1947 76.
743 1905 810 1947 88.
833 1905 887 1947 98
910 1913 983 1947 etc.
1028 1919 1079 1947 ne
1110 1904 1203 1946 140.
1235 1917 1316 1945 non
1336 1903 1405 1944 26.
1436 1901 1503 1943 29.
1536 1901 1603 1944 63.

79 1975 146 2017 85.
169 1974 236 2016 94.
259 1974 325 2016 98.
361 1973 453 2015 143.
486 1987 574 2015 cum
599 1974 760 2028 (praep.)
785 1973 851 2015 73.
884 1977 941 2015 ad
961 1972 1029 2014 40.
1051 1972 1117 2014 44.
1149 1972 1216 2014 50.
1251 1970 1344 2012 141.
1381 1969 1474 2012 155.
1508 1969 1603 2011 161.

82 2043 174 2084 166.
217 2042 296 2084 176
328 2049 401 2083 etc.
462 2044 503 2082 in
532 2040 599 2082 41.
639 2040 705 2082 64.
739 2040 804 2082 97.
847 2040 940 2082 102.
983 2040 1075 2082 107.
1115 2039 1208 2080 112.
1248 2038 1341 2079 114.
1383 2037 1476 2078 121.
1511 2037 1604 2079 155.

83 2111 161 2152 157
194 2117 267 2152 etc.
329 2113 379 2150 de
407 2108 503 2151 299.
543 2108 640 2151 395.
700 2123 722 2149 e
749 2108 819 2149 44.
857 2108 926 2150 48.
960 2107 1053 2149 146.
1086 2106 1182 2149 212.
1244 2119 1269 2146 a
1299 2105 1367 2147 67.
1399 2104 1495 2146 300.
1556 2107 1607 2146 ab

80 2178 174 2220 201.
207 2176 303 2218 260.
335 2176 430 2218 375.
476 2190 556 2228 per
579 2175 670 2218 136.
704 2180 811 2218 inter
829 2175 941 2230 230).
993 2175 1227 2228 compendia
1255 2176 1479 2226 scripturae
1509 2187 1606 2226 pau-

82 2248 248 2292 cissima,
279 2247 448 2286 maxime
477 2244 631 2285 litterae
649 2257 711 2291 m,·
741 2245 1009 2297 diphthongus
1039 2256 1089 2284 ae
1108 2243 1226 2296 plene
1245 2243 1487 2295 perscripta;
1520 2254 1605 2281 era-

81 2328 166 2354 sum
202 2314 318 2359 nihil,
361 2318 538 2353 correcta
575 2325 655 2352 non
686 2312 807 2351 multa
838 2324 956 2352 manu
994 2311 1155 2363 quidem
1190 2310 1308 2364 paulo
1338 2310 1513 2357 diversa,
1550 2315 1606 2350 te-

84 2383 222 2421 nuiore
253 2380 414 2426 scilicet,
447 2380 517 2419 sed
549 2379 724 2419 eiusdem
756 2381 893 2419 aetatis
923 2385 963 2420 et
993 2379 1146 2420 ductus.

198 2461 345 2499 Culicis
375 2463 506 2498 textus
535 2459 700 2510 paginas
729 2455 785 2497 22
815 2463 982 2511 occupat
1010 2459 1086 2504 ita,
1118 2462 1163 2497 ut
1193 2470 1280 2498 cum
1312 2458 1354 2497 in
1383 2457 1509 2510 prima
1540 2470 1608 2510 pa-

84 2529 175 2579 gina
212 2526 348 2566 titulus
385 2526 577 2578 poematis
617 2538 706 2566 cum
737 2527 911 2579 quinque
950 2525 1127 2566 versibus
1164 2526 1306 2578 primis
1342 2524 1514 2576 legatur,
1547 2538 1608 2565 se-

86 2596 247 2647 quentia
285 2594 421 2634 decem
463 2593 554 2633 folia
591 2594 750 2634 vicenos
788 2595 829 2633 in
868 2605 1025 2646 quaque
1063 2594 1225 2646 pagina,
1270 2592 1407 2632 ultima
1439 2592 1609 2644 denique

86 2663 224 2716 pagina
265 2674 404 2701 novem
443 2674 532 2701 cum
572 2660 862 2713 subscriptione
894 2663 1107 2701 contineat.
1168 2659 1364 2700 conlatum
1396 2662 1609 2700 accuratis-

86 2732 183 2770 sime
221 2729 269 2769 ad
308 2729 413 2769 hunc
451 2729 598 2768 librum
636 2741 777 2781 poema
816 2728 1086 2768 intercedente
1119 2729 1319 2781 peramice
1358 2739 1443 2767 mea
1484 2729 1608 2779 gratia

90 2796 282 2837 Guilelmo
312 2797 508 2848 Wagnero
539 2795 666 2836 debeo
704 2794 930 2847 diligentiae
960 2809 1005 2836 ac
1035 2795 1262 2837 liberalitati
1290 2795 1364 2835 viri
1394 2795 1610 2836 doctissimi

91 2865 137 2905 11.
168 2864 213 2904 Α.
244 2863 272 2904 1.
303 2865 465 2911 Munro,
499 2863 848 2915 Cantabrigiensis.
909 2864 1039 2904 notavi
1070 2863 1172 2916 siglo
1206 2865 1249 2904 0.

1277 2930 1339 2972 3²3⁶
