1884 3126
308 133 387 173 194
915 150 1128 177 MAECENAS
1159 152 1185 176 1.

414 257 516 305 regis
546 268 652 302 eras,
682 257 855 302 Etrusce,
887 270 1021 308 genus,
1054 266 1092 297 tu
1125 259 1299 298 Caesaris
1328 259 1394 298 alti

471 327 647 372 dextera,
679 329 874 368 Romanae
905 334 944 369 tu
976 330 1063 380 vigil
1094 330 1201 369 urbis
1232 343 1330 370 eras.

414 400 540 438 omnia
572 412 657 439 curn
688 413 822 452 posses
852 406 958 440 tanto
989 408 1063 440 tarn
1096 415 1208 441 carus
1237 403 1371 445 amico,
1742 407 1791 443 15

469 476 506 509 te
536 473 657 511 sensit
687 485 800 511 nemo
830 485 954 524 posse*
974 486 1115 513 nocere
1146 480 1287 513 tamen.

413 542 567 582 Pallade
598 556 683 582 curn
715 544 827 583 (locta
859 544 1038 584 Phoebus
1069 546 1277 585 donaverat
1305 550 1426 585 artes:

470 620 508 653 tu
540 615 658 654 decus
688 622 726 654 et
756 616 887 654 laudes
918 616 1030 656 huius
1061 624 1098 656 et
1127 618 1241 657 huius
1272 631 1370 658 eras.

412 685 547 737 [vincit
575 687 769 738 vulgares,
806 689 922 726 vincit
952 688 1121 740 beryllus
1151 689 1328 734 harenas,

465 758 579 797 litore
607 760 646 797 in
678 763 849 798 extremo
880 772 992 811 quarn
1023 761 1135 799 simul
1166 762 1266 799 unda
1299 761 1456 813 movet.]
1510 789 1530 797 -
1738 765 1791 802 20

409 830 511 881 quod
543 830 752 869 discinctus
782 843 869 869 eras
907 831 1086 882 (namque
1116 832 1153 870 id
1185 845 1306 884 prope
1336 835 1508 884 carpitur
1538 834 1669 885 unum)

465 901 623 941 diluitur
654 903 772 941 nimia
804 902 1050 953 simplicitate
1081 908 1160 942 tua.
1523 888 1529 901 ¹

411 975 465 1012 sic
496 974 550 1011 ἰΙΙί
582 975 730 1019 vixere,
763 974 903 1025 quibus
934 975 1005 1013 fuit
1035 987 1151 1014 aurea
1183 977 1303 1024 virgo,

465 1058 562 1096 quae
594 1045 692 1084 bene
724 1047 968 1097 praecinctos
998 1047 1199 1097 postmodo
1230 1047 1343 1098 pulsa
1375 1049 1482 1098 sugit.

410 1117 543 1162 livide,
575 1118 664 1167 quid
696 1117 850 1156 tandem
883 1119 1034 1156 tunicae
1065 1130 1236 1157 nocuere
1266 1118 1424 1162 solutae,
1739 1122 1789 1158 25

465 1194 529 1227 aut
559 1189 626 1227 tibi
656 1190 803 1227 ventosi
834 1189 923 1240 quid
956 1202 1123 1228 nocuere
1153 1192 1286 1229 sinus?

410 1273 502 1299 num
534 1261 660 1299 minus
691 1260 797 1299 urbis
828 1266 909 1300 erat
940 1267 1070 1300 custos
1102 1267 1140 1300 et
1170 1264 1338 1301 carceris
1368 1264 1504 1314 opses?

465 1332 636 1372 nuncubi
667 1345 742 1371 non
773 1337 875 1371 tutas
910 1333 1004 1371 fecit
1031 1334 1071 1372 in
1101 1333 1197 1372 urbe
1229 1335 1331 1373 vias?

412 1410 524 1443 nocte
554 1404 626 1442 sul)
657 1404 821 1443 obscura
854 1405 940 1454 quis
971 1410 1008 1442 te
1039 1405 1216 1456 spoliavit
1245 1407 1461 1444 amantem?

300 1551 395 1575 meae
426 1539 527 1575 iidem
558 1541 593 1574 in
624 1539 779 1574 Caesaris
810 1551 913 1575 arma.
1034 1540 1084 1576 13
1116 1545 1257 1575 etrusce
1287 1551 1399 1588 genus
1422 1540 1528 1576 BHS
1555 1541 1701 1576 eun-nce
1732 1552 1794 1588 ge-

300 1607 365 1630 nus
388 1596 421 1631 R
453 1606 565 1642 genus
597 1600 737 1630 etrusco
771 1595 798 1631 V
827 1606 939 1642 genus
973 1597 1146 1643 etruscel
1177 1606 1290 1643 genus
1312 1596 1441 1631 etrusci
1463 1605 1508 1632 εα
1594 1595 1652 1631 alti
1676 1595 1791 1632 Hein-

300 1653 378 1686 sius
415 1652 465 1686 ad
503 1650 622 1686 Ovidii
651 1649 748 1696 fast.
779 1650 818 1684 1v
857 1650 936 1686 305
975 1650 1047 1696 tes.
1087 1652 1230 1696 epiced.
1270 1650 1390 1687 Drusi
1424 1649 1505 1687 453
1542 1650 1622 1686 almi
1652 1663 1682 1686 ω

303 1705 351 1740 14
382 1705 507 1740 Dextra
535 1707 547 1740 l
579 1705 703 1740 Dextrc
725 1705 824 1740 Hm.
843 1706 862 1740 1
987 1715 1130 1740 romana
1164 1706 1194 1740 B
1223 1716 1366 1741 romane
1397 1711 1432 1741 et
1474 1706 1516 1741 Vl
1544 1702 1622 1741 r‘Gin
1653 1706 1697 1740 H

301 1767 338 1796 tu
369 1757 472 1808 vigil]
506 1760 632 1807 nuilgil
662 1760 699 1794 B
832 1759 880 1795 15
913 1765 1030 1794 tantus
1060 1759 1136 1794 HR
1249 1760 1363 1795 clarus
1394 1759 1506 1795 BHR
1622 1761 1671 1797 16
1705 1760 1793 1796 velie

298 1816 517 1852 Meibomius
673 1814 723 1850 17
755 1814 873 1850 doctas
914 1815 956 1851 Vl
1113 1814 1162 1850 18
1193 1815 1259 1861 Te,
1300 1827 1346 1850 m.
1365 1814 1388 1850 2
1419 1815 1470 1850 Tu
1502 1814 1543 1849 Η
1570 1815 1618 1849 Te
1658 1816 1688 1850 V

302 1871 350 1906 19
382 1882 436 1917 sq.
470 1872 587 1906 alieni
623 1871 812 1912 videntur,
853 1872 926 1905 nisi
954 1871 1073 1915 plura
1113 1869 1348 1906 exciderunt.
1473 1869 1521 1905 19
1553 1870 1636 1905 uicit
1675 1870 1709 1905 R

299 1925 455 1973 beryllus
484 1938 508 1959 α
542 1928 594 1969 (in
625 1928 696 1972 quo
725 1925 821 1960 libro
850 1935 917 1960 ms.
948 1927 995 1960 sit
1024 1926 1167 1967 nescio)
1210 1923 1344 1960 hernus
1376 1924 1456 1959 BH
1480 1923 1638 1960 berithus
1669 1925 1704 1962 R
1733 1935 1792 1972 pe-

298 1982 386 2016 ritus
428 1981 492 2017 Vle
577 1991 700 2015 arenas
729 1982 743 2015 l
856 1979 909 2016 20
938 1979 1073 2015 Littore
1105 1975 1161 2016 Re
1251 1980 1356 2015 litore
1387 1979 1576 2027 Erythraeo
1608 1979 1793 2016 Bartkius

382 2046 484 2083 qnam
517 2034 606 2071 BHl
635 2040 703 2082 qua
734 2034 768 2069 R
799 2046 886 2082 quas
926 2035 1002 2072 νεα
1091 2035 1199 2070 vomit
1229 2035 1415 2070 Bar-thius
1442 2035 1533 2070 Adv.
1558 2034 1645 2069 XXX
1669 2035 1716 2070 11

300 2102 385 2138 quas
423 2091 549 2126 humus
588 2090 671 2125 Inda
708 2089 804 2125 fovet
842 2092 900 2126 vel
934 2101 1018 2137 quas
1049 2090 1145 2125 sinus
1175 2089 1258 2125 Inde
1289 2091 1398 2125 vomis
1431 2086 1500 2137 (vel
1530 2089 1642 2135 foves)
1674 2089 1790 2125 Hein-

299 2149 375 2182 sius
489 2145 538 2180 21
572 2144 607 2195 Q
628 2146 657 2180 si
685 2147 698 2181 l
809 2145 980 2181 ‹liscintus
1021 2145 1054 2181 V
1077 2145 1264 2180 distinctus
1295 2145 1331 2179 B
1359 2144 1555 2180 disiunctus
1591 2144 1634 2180 ΗΖ
1665 2141 1792 2179 ‹tisffic-

301 2207 356 2236 tus
392 2201 434 2236 H
529 2211 678 2247 namque
708 2201 742 2235 id
772 2211 884 2247 prope
914 2199 1096 2237 Heinsius
1125 2200 1239 2235 aninlo
1271 2210 1412 2247 quoque
1442 2210 1472 2234 ω
1501 2198 1663 2239 nimium,
1696 2199 1790 2246 quod

302 2257 550 2292 Rukrzlcenius
664 2266 732 2291 uno
775 2256 824 2292 γε
855 2266 922 2291 una
950 2257 963 2291 l
1096 2254 1146 2290 22
1178 2254 1327 2290 Diluitur
1355 2266 1380 2289 α
1412 2256 1465 2298 (in
1494 2266 1565 2301 quo
1595 2255 1691 2290 libro
1721 2264 1793 2306 ms.¹

299 2315 345 2348 sit
373 2310 514 2357 nescio)
544 2311 683 2346 Diluuiu
713 2311 781 2346 hoc
810 2309 847 2357 (u
873 2315 993 2356 poser.
1025 2321 1126 2347 corr.
1159 2321 1203 2345 m.
1229 2319 1308 2346 rec.
1339 2312 1376 2346 in
1408 2307 1443 2355 o)
1473 2308 1514 2343 H
1541 2306 1696 2345 Dilluuifi
1724 2309 1791 2344 hoc

299 2367 333 2402 R
364 2366 490 2402 Diluuii
521 2366 588 2402 hoc
617 2366 654 2401 B
681 2365 808 2401 Diluuii
837 2376 876 2401 ac
917 2366 980 2403 Vle
1079 2364 1191 2401 nimifi
1217 2365 1252 2400 R
1343 2366 1432 2400 vitae
1462 2364 1681 2411 simplicitate
1712 2368 1791 2398 tuae

298 2422 480 2458 Heinsius
593 2420 644 2456 24
673 2421 852 2468 precintos
874 2420 909 2456 R
938 2422 1138 2468 precinctus
1160 2419 1203 2455 H
1214 2432 1257 2456 m.
1278 2420 1298 2454 1
1329 2417 1467 2468 §cincto
1489 2427 1508 2456 ε
1602 2415 1796 2466 postinocl‘ff

299 2477 341 2512 H
431 2477 505 2512 uisa
546 2477 577 2513 V
693 2475 744 2512 25
773 2475 891 2511 Livide
922 2475 951 2511 S
985 2475 1104 2511 Liuida
1135 2474 1204 2510 BR
1234 2474 1354 2510 Inuide
1395 2474 1470 2511 Vea
1499 2473 1618 2509 Inuida
1652 2473 1705 2509 HI

300 2532 394 2580 quod
425 2531 459 2567 R
593 2531 643 2568 26
675 2527 754 2579 tibi]
787 2530 910 2571 verba,
949 2541 1147 2577 suprascr.
1179 2542 1224 2566 m.
1240 2529 1265 2571 2,
1294 2529 1356 2565 tibi
1387 2529 1428 2564 H
1463 2528 1523 2564 tibi
1562 2528 1646 2575 quid
1676 2528 1710 2563 B

299 2609 394 2656 quod
424 2608 459 2644 R
573 2607 623 2644 27
655 2608 803 2643 carceris
834 2610 983 2653 scripsi.
1017 2608 1146 2642 cureris
1177 2607 1226 2641 Bae
1242 2607 1391 2641 caesaris
1421 2611 1455 2651 ψ
1541 2614 1644 2652 opses
1666 2603 1702 2638 B
1731 2602 1790 2638 ob·

298 2676 354 2700 ses
384 2669 418 2710 ψ
455 2663 584 2711 hospes
616 2662 668 2699 Soc
790 2661 841 2699 28
872 2661 1026 2698 nuncubi
1057 2662 1230 2709 Scaliyer
1274 2661 1372 2697 Nunc
1411 2660 1472 2696 tibi
1505 2659 1568 2695 BS
1602 2658 1689 2693 Num
1729 2657 1788 2693 tibi

298 2726 332 2766 ψ
417 2717 463 2754 nii
493 2724 586 2754 tutas
617 2717 651 2752 R
765 2716 815 2754 29
848 2728 971 2753 oscura
1002 2717 1083 2753 BV
1162 2717 1222 2763 qui
1258 2715 1296 2751 H
1377 2715 1525 2751 uiolauit
1555 2713 1615 2749 Roc
1703 2723 1787 2747 eun-

299 2781 368 2811 tem
400 2772 451 2816 Σ,
485 2773 667 2809 Heinsius

1581 2896 1606 2916 ὓ
