1884 3126
729 122 861 149 CAPUT
893 122 921 147 1.
1532 102 1579 146 2]

63 237 176 290 quale
207 250 309 277 nunc
342 241 523 276 tenemus
553 234 728 275 eiusdem
759 233 929 272 hominis
959 244 1055 277 esse,
1089 231 1156 282 qui
1178 230 1333 270 duobus
1357 232 1470 270 annis
1498 238 1586 283 post

63 306 366 357 elegantissimis
396 303 536 356 idylliis
567 316 705 343 novam
736 302 865 354 poesis
895 295 1055 339 Latinae
1086 299 1198 351 quasi
1220 303 1389 338 aetatem
1410 299 1585 350 inauspi-

64 380 172 414 catus
212 379 281 413 est.
343 377 479 412 contra
518 384 643 424 puero
682 383 727 410 ex
759 368 892 409 schola
930 368 1280 419 grammaticorum
1314 371 1352 405 et
1381 366 1584 405 rhetorum

63 442 224 486 recenti,
258 441 368 480 cuius
400 439 549 479 tardius
579 451 695 491 quam
726 437 892 477 aliorum
914 437 1115 487 ingenium
1139 435 1338 480 maturuit,
1372 446 1451 473 nou
1474 433 1585 473 video

63 509 154 562 quid
192 510 230 548 in
262 507 384 548 culice
416 520 492 546 non
532 507 656 559 possit
684 507 778 545 satis
808 505 970 556 dignum
1003 503 1138 542 videri.
1199 515 1317 555 quam
1349 503 1584 541 senteutiam

64 590 141 616 uon
173 576 465 618 labefactarunt,
499 574 566 614 sed
599 574 929 614 confirmaverunt
960 573 1075 612 etiam
1108 585 1154 610 ex
1187 575 1300 623 parte
1332 582 1430 621 quae
1451 569 1584 610 lauda-

65 645 130 684 bili
168 649 341 683 ceterum
387 642 586 694 diligentia
627 647 666 681 et
702 641 980 692 Hertzbergius
1019 641 1057 679 in
1099 640 1290 679 versionis
1328 639 1586 679 Germanicae

64 711 183 764 praef.
209 712 417 763 disputavit
448 715 486 749 et
518 710 743 762 nuperrime
774 711 813 748 in
838 708 1081 748 Fleckeiseni
1111 707 1316 747 annalibus
1336 706 1587 759 philologieis

62 782 153 819 anui
186 777 293 819 1866
323 793 362 832 p.
393 777 475 819 357
506 790 589 830 sqq.
623 778 820 828 congessit
851 778 880 816 F
885 776 1078 816 ridericus
1109 776 1234 821 Baur‚
1274 788 1442 828 quorum
1475 780 1580 814 uter-

63 860 139 898 que
170 848 414 899 suppositum
445 859 530 885 esse
562 845 732 897 Vergilio
763 857 921 885 carmen
954 849 1044 884 ante
1075 844 1221 883 Lucani
1251 843 1444 883 Martialis
1476 843 1587 882 Statii

64 921 251 967 tempora,
284 915 322 954 h.
347 927 378 954 e.
413 920 502 953 ante
533 914 731 953 Neronem
763 914 910 953 statuit.
971 912 1075 964 quod
1107 917 1150 951 ut
1180 912 1345 951 refutari
1376 907 1495 950 certis
1524 923 1585 950 ar-

63 984 259 1034 gumentIS
291 983 349 1021 vix
380 987 511 1034 potest
551 981 653 1033 (nam
684 981 869 1033 'potuisse
901 980 1030 1032 decipi
1071 985 1108 1018 et
1139 979 1326 1030 deceptos
1356 978 1453 1018 alios
1483 978 1586 1017 illius

66 1052 202 1090 aetatis
231 1050 410 1089 homines
441 1062 526 1089 esse
557 1050 643 1100 quis
671 1049 825 1100 neget?)
857 1049 908 1087 ita
932 1061 1030 1100 quae
1052 1047 1098 1087 ad
1131 1046 1449 1099 persuadendum
1473 1053 1586 1100 aptae

65 1120 142 1158 sint
171 1119 297 1157 causis
327 1117 636 1157 demonstratum
669 1129 755 1156 esse
786 1117 947 1156 minime
978 1115 1163 1155 concede.

177 1185 276 1231 Quid
316 1186 418 1224 enim
457 1186 599 1224 mirum
630 1186 661 1224 si
692 1184 775 1223 XVI
806 1196 1000 1223 annorum
1031 1182 1353 1223 adulescentulus
1383 1182 1585 1222 vocabulis

65 1252 296 1304 quibusdam
334 1256 400 1291 aut
438 1251 716 1291 vocabulorum
747 1251 806 1291 vel
845 1252 982 1292 formis
1014 1251 1072 1291 vel
1106 1251 1334 1291 notionibus
1365 1250 1424 1290 vel
1455 1256 1581 1290 struc-

63 1322 160 1360 turis
197 1333 290 1360 usus
330 1325 406 1365 est,
455 1319 599 1372 quibus
636 1319 706 1359 XII
750 1321 861 1359 annis
902 1325 994 1372 post
1033 1324 1229 1359 maturum
1269 1325 1425 1372 poetam
1465 1319 1586 1360 absti-

64 1390 194 1428 nuisse
231 1387 429 1427 videmus?
467 1400 636 1440 quorum
674 1393 805 1426 tamen
845 1400 985 1439 magna
1023 1400 1116 1439 pars
1154 1393 1197 1427 ut
1235 1387 1407 1427 Lucretii
1445 1387 1587 1428 Catulli

65 1457 264 1497 Ciceronis
294 1455 480 1495 Varronis
519 1454 708 1507 exemplis
745 1456 923 1495 firmatur
962 1456 1145 1494 duritiem
1185 1455 1418 1507 antiquioris
1448 1457 1586 1495 aetatis

65 1536 204 1576 prosae
235 1523 421 1562 orationis
450 1523 642 1562 ieiunitati
672 1522 837 1562 similem
870 1522 1034 1568 redolet,
1067 1522 1139 1561 alia
1170 1524 1203 1562 si
1232 1536 1312 1562 non
1341 1523 1514 1575 Vergilii,
1547 1527 1587 1563 at

53 1591 252 1642 aliorum,
291 1590 394 1630 velut
425 1590 549 1630 Ovidii
580 1591 811 1630 auctoritate
842 1592 934 1630 satis
965 1590 1250 1637 defenduntur,
1292 1591 1364 1631 alia
1398 1592 1582 1631 emenda-

66 1660 172 1698 tione
200 1659 330 1711 potius
361 1670 476 1710 quam
508 1670 675 1697 censura
707 1659 950 1709 castiganda,
983 1658 1057 1698 alia
1088 1659 1259 1710 denique
1290 1661 1512 1711 imperitiae
1543 1666 1582 1698 et

65 1727 250 1765 infantiae
279 1727 392 1778 pueri
422 1725 677 1764 condonanda
708 1730 811 1765 sunt.
872 1727 949 1765 iam
974 1725 1268 1772 vocabulorum,
1301 1727 1583 1779 particularum

65 1795 180 1834 etiam
211 1795 395 1846 inopiam,
427 1792 645 1832 fastidiosas
676 1793 920 1845 quarundam
953 1807 1092 1834 vocum
1119 1796 1389 1847 repetitiones,
1422 1797 1583 1835 omuino

65 1863 300 1902 uniformem
332 1866 370 1900 et
399 1860 631 1900 titubantem
670 1873 914 1907 sermonem,
955 1863 1168 1902 sententias
1207 1876 1347 1915 parum
1377 1863 1585 1914 rotundas,

64 1929 164 1969 male
200 1929 356 1980 ligatas,
397 1928 556 1969 scabras
593 1928 657 1968 hic
695 1928 774 1968 illic
805 1934 922 1981 atque
953 1930 1165 1982 inpeditas,
1205 1932 1351 1983 figuras
1381 1932 1584 1984 quasdam,

65 1997 167 2037 velut
195 1996 455 2049 anaphoram,
488 1995 588 2036 ultra
619 1996 778 2036 modum
810 1998 992 2042 invectas,
1024 1997 1287 2050 pleonasmos,
1320 2000 1585 2041 eruditionem

64 2064 362 2117 mythologicam
393 2063 636 2105 ambitiosius
669 2065 897 2117 expositam,
929 2070 1060 2105 tamen
1092 2067 1131 2105 in
1162 2068 1245 2119 ipsa
1278 2066 1443 2107 fabulosi
1464 2080 1583 2120 appa·

63 2138 171 2172 ratus
209 2134 318 2185 copia
358 2132 575 2184 neglectam
614 2132 662 2172 de
700 2133 909 2184 insepultis
946 2137 1054 2172 trans
1085 2133 1256 2186 Stygiam
1289 2134 1473 2186 paludem
1504 2148 1583 2176 non

65 2200 248 2239 vehendis
286 2199 434 2251 legem,
475 2200 594 2240 multa
631 2201 801 2250 denique
833 2199 1013 2250 languida
1046 2201 1170 2240 otiosa
1200 2214 1385 2253 perversa
1416 2202 1583 2243 ridicula

63 2268 160 2307 adeo
190 2268 276 2319 quis
306 2269 347 2307 in
377 2269 504 2307 tirone
535 2268 769 2313 mirabitur?
808 2280 944 2306 verum
977 2272 1035 2306 est
1064 2268 1186 2307 semel
1219 2269 1322 2322 (nam
1354 2283 1387 2310 v.
1416 2268 1501 2311 202
1522 2285 1581 2324 sq.

64 2333 208 2385 duplex
245 2339 304 2372 est
340 2333 402 2373 ‘et
432 2334 515 2372 Nox
548 2365 556 2373 .
591 2366 598 2373 .
634 2366 641 2373 .
675 2339 714 2373 et
744 2334 931 2387 Vesper')
969 2341 1060 2387 post
1091 2337 1165 2376 tria
1197 2337 1383 2378 vocabula
1414 2340 1580 2391 positam

65 2413 151 2441 esse
188 2399 370 2452 copulam
406 2406 444 2440 et
475 2401 520 2453 (v.
552 2399 644 2453 52),
684 2403 796 2441 cuius
834 2402 1013 2443 licentiae
1051 2404 1092 2443 in
1130 2403 1321 2446 bucolicis
1360 2409 1582 2459 ceterisque

62 2469 229 2520 perfecti
273 2473 410 2519 poetae
442 2468 630 2520 operibus
675 2469 852 2522 exempla
892 2470 1053 2516 desunt,
1100 2472 1169 2511 sed
1207 2473 1578 2520 Alexandrinorum,

64 2547 231 2586 quorum
269 2535 398 2576 studio
439 2536 715 2576 nutriebantur
752 2537 816 2576 illa
845 2544 970 2578 aetate
1001 2543 1108 2579 vates
1139 2540 1294 2587 tenelli,
1334 2542 1581 2583 insolentiam

63 2616 141 2642 non
179 2603 423 2656 repudiatam
456 2617 476 2643 a
507 2604 690 2644 Lucretio
729 2605 863 2656 quidni
901 2607 1053 2658 pariter
1093 2621 1137 2647 ac
1175 2608 1348 2649 dirarum
1376 2616 1512 2651 auctor
1544 2618 1582 2651 et

63 2671 102 2710 in
134 2670 268 2723 epodis
297 2671 493 2718 Horatius,
526 2673 594 2724 qui
623 2677 712 2725 post
742 2673 819 2713 duo
850 2674 1037 2714 vocabula
1067 2680 1106 2715 et
1133 2677 1387 2718 inseruerunt
1418 2678 1505 2731 (dir.
1525 2677 1582 2719 44

66 2738 176 2788 epod.
214 2738 247 2784 1,
268 2736 336 2779 23.
371 2738 435 2785 16,
458 2737 542 2791 40),
575 2746 613 2780 et
643 2739 832 2787 Tibullus,
866 2743 932 2794 qui
963 2742 1085 2782 semel
1116 2743 1218 2783 idem
1250 2757 1366 2785 ausus
1399 2751 1458 2786 est
1491 2746 1518 2798 (Ι
1539 2745 1578 2793 2,

64 2801 145 2856 96),
175 2805 454 2848 inexercitatus
484 2813 617 2848 noster
648 2820 804 2862 quoque
834 2809 1066 2850 adulescens
1096 2812 1217 2852 semel
1239 2813 1420 2853 audendo
1442 2826 1579 2866 super-
