1884 3126
780 191 927 221 cumx.
1556 167 1610 210 91

203 304 399 345 Euboicas
430 308 496 343 aut
523 316 596 356 per
626 307 761 343 cautes
790 303 1022 354 Aegaeaque
1052 298 1129 338 late
1529 297 1610 335 355

203 378 338 423 litora,
371 390 460 418 cum
492 377 685 430 Phrygiae
714 377 862 429 passim
892 386 987 426 vaga
1017 372 1163 426 praeda
1194 374 1422 422 peremptae

203 453 364 492 fluctuat
395 452 523 491 omnis
551 452 592 490 in
622 462 819 502 aequoreo
848 450 926 488 iam
960 447 1148 497 naufraga
1178 445 1310 485 fluctu.

203 525 268 564 hic
298 525 361 564 alii
393 524 526 564 sidunt
555 523 700 576 pariles
729 523 883 563 virtutis
913 521 1065 560 honore

204 599 347 639 heroes
376 597 591 650 mediisque
620 598 684 637 siti
712 602 804 637 sunt
832 595 992 635 sedibus
1023 605 1174 657 omnes,

205 685 361 718 omnes,
394 672 516 711 Roma
547 670 666 710 decus
696 670 828 721 magni
858 681 956 721 quos
982 659 1148 719 suspicit
1179 665 1304 706 orbis.
1532 666 1614 703 360

205 746 268 786 hic
298 745 416 787 Fabii
439 745 644 795 Deciique,
676 743 740 784 hic
770 747 828 782 est
859 747 899 783 et
927 742 1089 782 Horatia
1118 740 1255 788 virtus,

205 819 268 859 hic
299 824 338 859 et
366 818 468 859 sama
499 822 610 857 vetus
639 829 852 868 numquam
884 816 1076 855 moritura
1108 812 1272 858 Camilli,

205 892 362 932 Curtius
393 897 431 931 et
460 891 601 931 mediis
630 903 748 943 quem
780 889 976 941 quondam
1006 887 1167 928 sedibus
1200 886 1310 926 urbis

205 966 388 1005 devotum
419 964 536 1004 tellus
566 964 811 1016 consumpsit
839 963 1006 1014 gurgitis
1036 961 1151 1006 unda,

205 1039 356 1079 Mucius
386 1043 425 1078 et
454 1038 631 1090 prudens
659 1037 843 1078 ardorem
875 1048 1043 1088 corpore
1074 1045 1227 1086 passus,
1533 1033 1614 1071 365

205 1112 395 1152 limitibus
426 1113 542 1152 cessit
571 1113 636 1151 cui
667 1111 790 1151 fracta
821 1110 995 1163 potentia
1026 1109 1150 1162 regis;
1393 1098 1396 1100 ’

181 1257 261 1295 355
293 1251 371 1308 aut]
405 1268 474 1305 que
504 1263 541 1294 et
569 1259 583 1294 l
613 1262 649 1294 et
679 1267 718 1304 ε,
754 1258 918 1294 Bembus
1004 1267 1113 1305 aegea
1142 1256 1186 1292 K
1189 1284 1198 1302 ,
1234 1256 1412 1303 Scaliyer
1442 1265 1530 1303 egea
1574 1255 1616 1291 Vl

97 1325 177 1364 §rea
214 1314 251 1351 Y
280 1325 361 1350 erea
390 1313 535 1350 ABEP
570 1325 678 1350 nerea
710 1313 740 1350 0
775 1315 900 1350 heraea
932 1313 982 1359 Q,
1022 1313 1189 1349 Bemlms
1218 1312 1351 1360 pherea
1382 1312 1424 1348 H
1452 1311 1560 1347 Oetea
1591 1323 1615 1346 α

95 1371 196 1420 0ςίοᾶ
225 1380 246 1408 ε
360 1370 440 1407 356
471 1369 612 1406 Lictora
654 1371 687 1407 V
723 1370 860 1406 Littora
894 1371 959 1408 Ηε
1003 1369 1126 1406 Litore
1157 1370 1196 1405 Ε
1278 1369 1441 1417 phrigiae
1473 1369 1508 1403 B
1553 1367 1614 1411 sri-

95 1427 151 1476 gig
182 1429 195 1463 l
234 1426 339 1475 frigie
375 1427 461 1463 HV
541 1426 652 1475 preda
691 1425 799 1464 BCH
896 1431 1101 1475 peremptae
1139 1426 1195 1470 Η,
1228 1425 1395 1461 Bembus
1432 1429 1616 1472 perempta

99 1482 173 1519 Ψω
216 1487 358 1531 peracta
386 1485 422 1521 ῐε
538 1483 618 1520 357
650 1483 815 1520 Fluctuat
861 1484 974 1519 omnis
1020 1484 1056 1518 iu
1101 1492 1283 1530 aequoreo
1331 1480 1506 1529 (equoreo
1549 1480 1623 1516 ΟΥ

96 1550 231 1587 equore
262 1538 316 1584 Η)
350 1539 439 1586 Ψψ,
473 1540 640 1575 Bembus
676 1540 798 1576 Omnis
828 1538 979 1575 fluctuat
1008 1549 1189 1587 aequoreo
1222 1538 1252 1583 Q
1283 1537 1405 1574 Omnis
1435 1538 1472 1572 in
1503 1548 1616 1584 equo-

96 1606 158 1640 reo
197 1594 312 1631 fluitat
353 1596 382 1631 V
466 1596 533 1631 iam
571 1595 743 1644 naufraga
782 1595 856 1641 Va,
900 1595 1066 1632 Bembus
1104 1594 1276 1643 naufraga
1314 1594 1357 1630 Η
1391 1593 1555 1641 naufragi
1586 1595 1616 1628 A

96 1651 278 1699 naufragia
313 1651 391 1698 Ψψ
422 1651 511 1687 male
541 1651 710 1700 naufraga
740 1653 925 1689 Heinsius
954 1651 1132 1699 navifraga
1164 1651 1341 1698 Scaliyer
1418 1650 1530 1686 fluctu
1563 1650 1618 1687 Va

97 1707 197 1743 luctu
231 1707 306 1743 Ψω
342 1713 459 1744 tractu
489 1708 656 1744 Bembus
758 1708 851 1745 ⁴358
882 1708 947 1744 Hie
978 1720 1048 1744 om.
1090 1708 1124 1744 Y
1150 1707 1240 1743 Hinc
1269 1709 1283 1743 l
1371 1706 1495 1742 sidunt
1524 1706 1617 1754 pari-

97 1763 149 1799 les
179 1764 321 1809 ΑΗεα,
354 1764 521 1800 Bembus
563 1763 686 1800 sidunt
722 1764 862 1812 parides
906 1765 937 1801 V
962 1764 1092 1812 pariles
1130 1763 1254 1799 sidunt
1284 1766 1298 1800 l
1336 1762 1454 1799 sident
1484 1762 1616 1811 pariles

101 1819 178 1867 Ψψ
292 1820 372 1857 359
403 1819 527 1856 medus
559 1820 597 1855 B
633 1820 780 1869 placidis
818 1821 992 1858 Kochius
1120 1820 1203 1858 360
1233 1813 1364 1856 Omnes
1396 1820 1462 1856 Hoc
1493 1818 1616 1855 Omnis

99 1909 158 1955 Ψ,
200 1910 365 1947 Bembus
497 1920 600 1946 como
652 1910 686 1947 V
807 1910 916 1947 decus
955 1910 1014 1957 (de
1052 1922 1104 1947 ex
1142 1909 1263 1958 corr.)
1306 1911 1340 1947 V
1450 1889 1547 1958 mag¹
1576 1910 1619 1947 Vl

180 1966 276 2013 quod
316 1965 346 2009 Q
447 1966 598 2014 suspicit
635 1967 820 2004 Heinsius
863 1968 1005 2015 suspice
1049 1968 1085 2003 Y
1122 1965 1278 2015 (suscipe
1323 1971 1416 2004 teste
1473 1965 1616 2013 Vossio)

95 2023 246 2070 suscipit
282 2021 371 2067 Ψω,
406 2023 571 2059 Bembus
685 2022 764 2060 361
797 2023 888 2059 decu
918 2024 955 2059 B
984 2022 1092 2061 decus
1124 2025 1161 2059 E
1209 2068 1213 2072 ,
1244 2024 1301 2059 hic
1330 2034 1535 2069 suprascr.
1568 2035 1615 2059 m.

97 2079 229 2114 eudem
258 2081 297 2115 in
341 2079 372 2115 V
466 2083 502 2114 et
531 2091 601 2115 om.
633 2080 695 2117 Ηε
809 2081 920 2115 cratia
951 2081 1058 2116 Hm.
1077 2079 1153 2118 §zze
1185 2081 1299 2116 oratio
1330 2080 1500 2124 ABCPQ
1540 2090 1617 2115 orw-

95 2135 151 2170 cio
183 2135 263 2170 Εἴ
291 2145 375 2176 oro,
415 2146 616 2182 suprascr.
649 2148 696 2172 m.
729 2146 808 2173 rec.
841 2138 958 2172 oracia
988 2137 1031 2172 H
1066 2136 1230 2184 gracchia
1271 2137 1304 2173 V
1415 2136 1495 2173 362
1528 2140 1618 2172 anic

97 2191 175 2228 361
200 2191 243 2228 Η
325 2191 415 2227 sama
440 2196 477 2228 et
505 2190 541 2227 P
619 2192 791 2228 moritura
814 2192 949 2228 Camilli
974 2193 1155 2269 Bembulsu
1167 2193 1340 2228 moritura
1373 2192 1510 2229 metelli
1538 2193 1581 2228 H
1592 2193 1623 2228 V

97 2291 195 2316 mora
225 2281 321 2318 melli
360 2281 494 2318 ABm.
517 2282 537 2318 1
557 2282 701 2319 CEPY
728 2293 827 2318 mora
856 2282 941 2318 belli
974 2282 1003 2327 Q
1033 2293 1132 2318 mora
1138 2251 1261 2319 amem
1290 2293 1393 2330 penu
1411 2281 1480 2329 (sw
1512 2294 1615 2320 corr.

98 2381 144 2405 m.
177 2371 275 2412 rec.)
315 2371 352 2406 B
387 2371 562 2407 moritura
598 2383 662 2420 per
699 2382 826 2407 aeuum
855 2374 919 2410 Ιεα
1033 2372 1113 2409 363
1145 2371 1290 2409 Cursius
1334 2373 1366 2410 V
1399 2372 1547 2409 Curcius
1579 2374 1621 2410 H

183 2436 202 2461 e
231 2438 257 2460 α
342 2426 468 2462 mediis
498 2427 563 2471 ΡΟ
577 2427 687 2473 ΡἼεα,
728 2428 896 2464 Bembt'cs
938 2427 1076 2464 medius
1115 2428 1299 2466 ABCEY
1329 2430 1462 2466 mecius
1493 2430 1538 2466 H

182 2481 332 2518 condam
374 2482 418 2518 Vl
530 2482 611 2520 364
641 2483 748 2520 tellus
788 2485 1050 2532 Wakefieldus
1082 2484 1186 2521 bellis
1221 2485 1296 2521 Ψω
1326 2485 1453 2522 boeffis
1484 2488 1497 2522 l
1528 2486 1616 2522 divis

100 2537 268 2585 Silliyius
310 2538 395 2574 tetri
424 2539 600 2586 Heynius
685 2540 842 2588 gurgitis
886 2540 980 2577 unda
1024 2542 1201 2589 Heynius
1245 2553 1380 2590 gurges
1424 2543 1462 2578 in
1499 2542 1615 2579 *unda

100 2593 137 2628 B
166 2604 302 2642 gurges
338 2595 375 2630 in
414 2594 507 2630 unda
547 2595 737 2640 ΑΕΕΩΨ
771 2607 902 2645 greges
939 2597 977 2633 in
1014 2598 1109 2634 unda
1144 2598 1179 2634 P
1220 2603 1261 2635 ut
1300 2600 1372 2635 vid.
1411 2597 1481 2646 (cf.
1524 2601 1614 2635 adn.

98 2651 151 2686 ad
187 2662 219 2686 v.
253 2649 368 2696 354),
407 2655 420 2686 t
458 2662 593 2699 gurges
631 2651 808 2688 inundans
847 2653 1023 2701 Scaliyer
1067 2655 1224 2702 gurgitis
1262 2654 1412 2691 haustus
1451 2655 1618 2692 Bembus

99 2706 254 2754 gurgitis
285 2706 417 2742 haustu
457 2708 717 2755 Wakefieldus
831 2709 912 2746 365
943 2709 1074 2746 Mutius
1106 2710 1218 2747 BCY
1242 2715 1278 2747 et
1308 2723 1412 2748 corr.
1444 2711 1477 2747 M
1509 2723 1560 2749 ex
1589 2712 1617 2747 N

111 2762 140 2798 V
223 2762 303 2800 366
333 2762 506 2799 limitibus
536 2766 687 2811 scripsi.
720 2763 894 2812 Legitime
928 2764 1003 2801 Ψω
1032 2765 1225 2814 Legittime
1256 2768 1298 2803 H
1326 2767 1463 2804 finitimi
1496 2769 1616 2805 Hein-

99 2819 189 2854 sius.
247 2822 492 2866 transpositis
527 2820 608 2857 366
654 2824 690 2857 et
727 2820 808 2858 367
847 2820 1028 2858 Fabricius
1065 2823 1257 2870 Heynstas,
1305 2824 1476 2860 Aeacidae
1516 2826 1617 2861 Silli-

97 2876 184 2922 91'us
259 2876 364 2911 ceSsit
393 2877 435 2912 H
517 2876 608 2912 sacta
638 2878 799 2926 potentia
830 2878 911 2916 BY
934 2877 1003 2914 sata
1032 2880 1197 2928 potentia
1225 2879 1254 2916 C
1281 2881 1443 2931 potentia
1474 2881 1565 2917 facta
1585 2881 1620 2920 P
