1884 3126
733 144 992 174 CArAnno'rA.
1543 124 1618 166 161

268 260 476 314 Tarquinii
509 259 677 312 patrios,
710 257 813 297 filius
844 261 960 309 atque
990 261 1114 308 pater,

212 334 278 374 illo
310 347 387 386 quo
418 334 591 386 primum
624 332 847 372 dominatus
878 330 1000 370 Roma
1031 326 1227 381 superbos

271 408 433 448 mutavit
462 406 627 459 placidis
658 411 838 458 tempore
869 402 1109 444 consulibus.

215 482 354 528 multa,
389 493 516 532 neque
546 479 762 525 inmeritis,
793 478 950 517 donavit
979 475 1152 529 praemia
1184 473 1364 521 alumnis,

272 556 446 608 praemia
478 552 666 593 Messallis
697 553 864 591 maxima
893 549 1120 590 Publicolis.
1573 548 1628 587 40

215 642 305 669 nam
338 628 430 681 quid
463 639 535 679 ego
565 627 736 666 inmensi
765 636 982 665 memorem
1014 623 1141 663 studia
1173 623 1247 662 ista
1277 620 1450 661 laboris?

272 702 429 742 horrida
463 701 553 754 quid
586 700 708 740 (lurae
738 704 916 751 tempora
948 697 1134 737 militiae?

215 781 340 816 eastra
372 777 459 815 foro
490 773 648 818 solitos,
680 772 770 812 urbi
799 783 1048 824 praeponere
1079 777 1218 815 castra,

274 854 350 889 tam
382 847 520 900 procul
552 847 627 886 hoc
658 846 789 891 Latio,
824 850 901 884 tam
932 843 1072 897 procul
1102 843 1176 884 hae
1206 844 1357 895 patria?

217 923 463 962 inmoderata
493 921 574 973 pati
604 921 679 959 iam
711 921 859 971 frigora
888 920 1044 970 iamque
1075 917 1252 958 calores?
1574 918 1629 955 45

275 1001 442 1036 stertere
473 994 532 1033 vel
564 993 662 1033 dura
694 1005 807 1045 posse
838 1005 959 1044 super
990 991 1123 1031 silice?

220 1082 335 1122 saepe
366 1073 520 1108 truoem
553 1067 717 1107 adverso
747 1065 902 1119 perlabi
933 1065 1064 1105 sidere
1096 1064 1284 1116 pontum?

277 1155 394 1195 saepe
425 1154 534 1180 mare
565 1139 744 1180 audendo
775 1141 954 1184 vincere,
989 1150 1108 1190 saepe
1138 1138 1337 1177 hiemem?

222 1229 337 1268 saepe
368 1216 484 1255 etiam
516 1214 658 1254 densos
686 1214 885 1253 inmittere
916 1225 1062 1264 eorpus
1091 1213 1132 1250 in
1163 1210 1296 1251 hostes

280 1300 527 1329 communem
559 1287 652 1327 belli
682 1299 755 1326 neo
786 1287 974 1326 metuisse
1005 1285 1147 1325 deum?
1577 1278 1633 1325 50

222 1374 326 1402 nnnc
357 1360 507 1401 celeres
537 1361 664 1405 Afros,
696 1360 880 1412 periurae
911 1359 1018 1399 milia
1049 1359 1189 1410 gentis,

279 1447 398 1475 aurea
429 1447 534 1474 nune
564 1433 692 1485 rapidi
722 1433 881 1473 flumina
912 1433 1021 1472 adire
1052 1431 1172 1483 Tagi?

113 1638 148 1673 R
179 1637 258 1673 Non
289 1635 334 1672 ob
364 1635 452 1671 auiis
486 1635 693 1671 Vossianus
723 1637 816 1670 teste
846 1632 1087 1670 Burmanno.
1134 1632 1213 1669 Non
1245 1634 1344 1669 ocius
1375 1633 1447 1679 Xe,
1492 1634 1633 1671 Veneta

114 1694 214 1730 cuius
248 1698 287 1729 et
326 1691 371 1728 ob
401 1704 427 1727 α
577 1691 705 1738 raptim
741 1690 776 1726 R
921 1690 974 1728 36
1006 1689 1188 1738 Tarquinii
1219 1689 1264 1725 H
1297 1690 1467 1738 Tarquini
1504 1690 1634 1728 RXZe

118 1750 374 1797 Tarquiniique
406 1749 442 1784 B
583 1747 636 1784 38
670 1751 830 1794 tempora
868 1745 1009 1784 HRXe
1152 1745 1204 1783 39
1235 1757 1302 1782 nee
1331 1747 1392 1784 Χε
1534 1758 1636 1795 prae-

113 1801 200 1855 mia]
234 1810 347 1841 mater
376 1805 449 1846 Xe,
494 1804 646 1851 Veneta,
730 1802 866 1851 altipnis
898 1803 979 1840 BH
1098 1801 1154 1840 40
1184 1802 1344 1839 messalis
1377 1803 1551 1840 BHRZa

114 1863 263 1898 maxime
293 1860 363 1896 RZ
459 1859 663 1908 plublieolis
695 1860 731 1895 B
861 1857 913 1895 41
946 1860 1013 1895 iam
1044 1859 1296 1896 Burmannus
1395 1860 1464 1896 ista
1495 1873 1563 1897 om.
1597 1860 1638 1896 H

177 1917 231 1955 43
253 1917 369 1954 solitis
390 1917 451 1955 Χε
471 1921 586 1953 eastra
606 1916 642 1952 B
719 1914 806 1951 urbe
829 1916 865 1951 B
943 1927 1146 1964 preponere
1166 1915 1281 1952 BHR
1302 1927 1508 1964 proponere
1527 1918 1570 1953 X

113 1974 168 2011 44
197 1974 266 2010 lam
289 1974 324 2009 B
410 1974 478 2009 hoo
508 1972 606 2008 Latio
637 1972 881 2009 Werniclcius
911 1973 1065 2009 selzedd.
1094 1973 1242 2020 philoll.
1274 1973 1343 2009 hoc
1373 1978 1457 2009 nato
1479 1973 1636 2011 RXZea

114 2032 185 2068 hoe
214 2035 324 2079 gnato
353 2029 390 2065 B
419 2040 459 2066 ac
488 2034 572 2065 nato
602 2029 646 2065 H
672 2039 690 2064 a
719 2033 803 2065 nato
831 2029 1027 2065 Francius
1056 2040 1074 2064 a
1105 2029 1222 2077 gnatis
1254 2029 1467 2066 Salmasius
1497 2035 1636 2066 amotos

115 2088 284 2135 Lanyins
397 2081 481 2135 hae]
514 2096 554 2121 ae
584 2085 627 2122 H
662 2096 681 2120 a
711 2084 746 2120 R
861 2090 933 2121 tam
969 2084 1098 2134 procul
1134 2086 1263 2133 ignoto
1303 2085 1395 2121 bella
1431 2086 1526 2122 ciere
1556 2086 1636 2122 solo

111 2155 229 2191 prop.
271 2142 487 2191 Waynerus
628 2140 680 2178 45
711 2140 947 2178 Immoderata
976 2141 1016 2177 H
1118 2142 1191 2189 pati
1219 2142 1285 2177 iam
1317 2141 1354 2177 B
1395 2142 1498 2179 Voss.
1519 2141 1546 2178 lI
1576 2154 1636 2191 pa-

117 2201 220 2236 triam
251 2198 324 2235 HZ
351 2199 444 2247 patri
480 2199 549 2234 iam
580 2207 600 2236 ε
631 2198 703 2246 pati
734 2209 831 2234 nune
861 2198 923 2234 Ra
1038 2198 1177 2246 frigora
1206 2198 1272 2233 Χα
1301 2198 1419 2234 sidera
1448 2197 1549 2236 BHe
1579 2211 1637 2237 sv-

104 2256 200 2301 ilera
222 2255 290 2291 ΒΖ
375 2266 542 2303 nuncque
564 2255 626 2290 Ra
713 2254 854 2290 colores
877 2254 919 2289 H
934 2267 980 2290 m.
1007 2255 1027 2290 1
1145 2252 1198 2290 46
1229 2259 1383 2290 stertere
1412 2267 1438 2290 α
1468 2240 1637 2291 Sternere

123 2311 340 2357 BHRXZe,
385 2311 528 2347 Veneta
650 2309 702 2346 47
736 2309 827 2358 Sepe
865 2310 902 2345 B
1021 2309 1156 2358 perlabi
1194 2323 1220 2345 α
1263 2309 1452 2358 perlabens
1497 2310 1638 2350 HRXe

118 2367 341 2416 perlambens
373 2367 404 2402 Z
438 2366 628 2414 prolabens
663 2366 696 2401 Β
817 2366 945 2414 sydere
975 2366 1006 2401 R
1044 2366 1161 2403 sidera
1190 2367 1226 2402 B
1367 2366 1421 2405 48
1452 2379 1549 2404 mare
1579 2379 1639 2404 au-

119 2423 237 2460 dendo
270 2423 352 2467 BR,
385 2422 655 2459 Broulchusius
684 2421 848 2458 audendo
879 2432 975 2459 mare
1005 2423 1072 2459 Ha
1102 2422 1266 2459 audendo
1297 2424 1384 2459 mari
1414 2423 1446 2459 Z
1473 2424 1637 2461 audendo

120 2490 216 2516 mare
247 2483 284 2516 et
313 2480 384 2525 Xe,
431 2479 570 2515 Veneta
671 2478 834 2526 hyemem
864 2479 907 2514 H
1026 2478 1079 2516 49
1110 2479 1302 2516 immittere
1332 2479 1378 2515 H
1488 2480 1542 2518 50
1572 2480 1638 2517 Co-

120 2533 230 2572 munZ»
260 2535 294 2571 R
389 2546 454 2571 nec
483 2547 509 2571 α
538 2546 611 2571 non
644 2533 862 2577 BHRXZe,
907 2536 1046 2572 Veneta
1078 2565 1082 2568 .
1140 2537 1311 2572 metuisse
1345 2536 1487 2573 Tollius
1516 2538 1640 2573 memi-

122 2594 219 2629 nisse
255 2591 389 2629 ΒΗΧε
430 2591 592 2637 Veneta,
625 2592 727 2639 quod
753 2591 965 2638 defendunt
993 2592 1192 2638 Propertii
1219 2591 1233 2627 1
1265 2592 1328 2632 12,
1362 2592 1414 2630 16
1445 2584 1634 2641 exemplo.

121 2649 305 2685 monuisse
334 2647 365 2683 Z
392 2649 556 2684 timuisse
585 2647 648 2683 Ra
771 2647 822 2689 51
855 2648 981 2684 celeris
1011 2647 1056 2684 H
1152 2649 1315 2696 periurae
1355 2649 1640 2698 Wernsdorfius

724 2702 742 2719 u

123 2728 266 2775 periure
296 2728 339 2764 H
364 2727 521 2774 periuria
550 2726 620 2763 RZ
646 2739 671 2774 p
701 2727 809 2767 inrie;
840 2726 878 2762 B
905 2727 1050 2774 periure
1079 2727 1115 2762 in
1146 2726 1240 2762 milia
1271 2736 1292 2764 ε
1319 2727 1502 2775 periturae
1530 2729 1567 2764 in
1587 2729 1637 2775 X,

135 2783 275 2820 Veneta
303 2784 534 2832 perituraque
553 2796 579 2818 a
599 2783 838 2831 periuraeque
858 2781 1149 2830 Oudendorpz'us
1233 2782 1342 2819 millia
1361 2782 1496 2820 RXZoc
1515 2784 1640 2820 ultima

129 2839 418 2887 Oudendorpias
502 2850 568 2888 per
596 2850 678 2875 rura
706 2844 743 2876 et
765 2838 869 2875 ovilia
889 2844 1038 2888 agentes
1059 2838 1338 2887 Hertzberqius
1441 2839 1495 2877 52
1527 2840 1640 2876 adiret

217 2913 395 2947 mnenon,
420 2914 571 2938 venem.
596 2914 648 2938 ιν.
1318 2902 1367 2943 11
