1884 3126
1024 693 1082 735 ΙΙ.

422 790 484 828 Sic
515 796 574 829 est
602 790 803 830 Maecenas
833 793 910 831 fato
940 796 1117 834 veniente
1146 796 1308 842 locutus,

474 862 634 912 frigidus
665 869 702 900 et
731 864 884 903 iamiam
914 877 1002 904 cum
1034 868 1240 908 moriturus
1270 874 1362 908 erat.

421 936 578 972 ‘mene'
608 935 732 986 inquit
760 936 930 975 ‘iuvenis
959 938 1163 988 primaevi,
1196 940 1388 991 Iuppiter,
1421 947 1509 980 ante

475 1011 676 1056 angustam
708 1007 820 1046 Drusi
850 1020 928 1046 non
959 1010 1144 1050 cecidisse
1174 1011 1294 1051 diem!

418 1082 575 1129 pectore
605 1083 756 1118 maturo
786 1078 913 1118 fuerat
940 1093 1058 1131 puer,
1089 1083 1243 1134 integer
1273 1096 1364 1123 aevo
1770 1088 1794 1125 5

472 1155 510 1188 et
539 1161 720 1201 magnum
750 1152 879 1202 magni
908 1152 1081 1193 Caesaris
1111 1154 1203 1194 illud
1238 1168 1348 1207 opus.

417 1221 577 1260 discidio
608 1222 822 1274 vellemque
851 1225 958 1275 prius
986 1228 1064 1253 —'
1093 1239 1171 1266 non
1201 1229 1329 1267 omnia
1359 1227 1463 1273 (lixit,

470 1293 682 1345 inciditque
711 1295 837 1347 pudor
866 1308 964 1348 quae
995 1309 1115 1349 prope
1146 1299 1242 1338 dixit
1270 1312 1390 1338 amor.

415 1365 482 1404 sed
513 1367 738 1405 manifestus
768 1374 850 1407 erat
876 1370 1068 1409 moriens:
1102 1371 1317 1420 quaerebat
1346 1378 1494 1412 amatae

472 1439 645 1489 coniugis
674 1439 874 1491 amplexus
903 1441 1032 1480 oscula
1062 1442 1175 1482 verba
1204 1456 1354 1483 manus.
1746 1449 1795 1486 10

415 1510 491 1548 ‘mi
522 1515 648 1549 tamen
678 1510 752 1551 hoe
782 1513 875 1551 satis
905 1517 980 1552 est:
1010 1514 1086 1552 vixi
1116 1519 1178 1560 te,‘
1206 1515 1362 1560 Caesar,
1395 1517 1519 1556 amico

471 1587 508 1620 et
538 1583 707 1622 morior'
738 1583 850 1628 dixit;
884 1584 997 1624 ‘dum
1028 1587 1275 1637 moriorque,
1307 1588 1397 1626 satis

417 1653 635 1704 exemplum
666 1655 740 1693 vixi
771 1660 806 1694 te
835 1661 996 1707 propter
1028 1657 1145 1697 molle
1174 1658 1287 1704 beati,
1742 1663 1793 1700 23

417 1801 595 1847 Sequitur
638 1798 717 1837 sine
767 1804 841 1838 ullo
884 1805 1083 1839 intervallo
1128 1806 1184 1840 vel
1227 1807 1331 1841 titulo
1380 1816 1498 1842 carm.
1549 1809 1653 1853 apud
1693 1808 1794 1843 Bur—

304 1867 481 1892 mannum
510 1868 546 1891 n.
581 1855 660 1893 120
696 1859 734 1892 in
765 1869 813 1901 ω,
852 1862 1045 1903 separavit
1077 1861 1223 1904 primus
1254 1860 1436 1907 Scaliyer.
1554 1862 1572 1897 1
1607 1862 1751 1909 loqutus
1780 1865 1794 1898 l

304 1911 476 1957 loquutus
528 1911 576 1948 γε
719 1911 741 1946 2
773 1913 880 1948 eciam
914 1914 979 1948 iam
1013 1914 1045 1948 Β
1185 1919 1258 1950 tum
1289 1925 1308 1952 ε
1449 1916 1472 1952 3
1502 1917 1590 1962 inqd
1619 1919 1633 1953 l
1742 1918 1795 1952 iu-

305 1974 413 2002 uenes
460 1967 490 2002 V
627 1967 780 2014 iuppiter
826 1967 891 2003 RS
931 1969 1061 2016 iupiter
1103 1975 1137 2015 ψ
1185 1970 1337 2017 turpiter
1377 1980 1397 2008 ε
1536 1971 1561 2007 4
1600 1972 1792 2020 Augustam
1854 2001 1860 2006 ,

304 2021 440 2066 HVle,
492 2021 708 2058 Heinsius:
738 2023 790 2069 cf.
835 2025 1005 2060 anteced.
1061 2026 1153 2072 eley.
1207 2038 1239 2061 v.
1288 2025 1364 2062 118
1422 2031 1457 2062 et
1507 2026 1701 2073 Hauptius
1749 2029 1794 2063 de

305 2078 448 2122 epiced.
486 2077 606 2113 Drusi
639 2089 678 2123 p.
718 2077 770 2114 30
807 2079 1006 2126 Angustum
1045 2079 1080 2113 B
1124 2080 1318 2127 Augustam
1347 2081 1409 2117 Ra
1539 2082 1638 2117 Drusi
1669 2083 1794 2118 Fran-

305 2134 395 2177 cius,
426 2131 482 2168 Io.
517 2133 585 2168 Fr.
618 2134 828 2169 Gronovius
865 2135 916 2170 ad
950 2135 1120 2171 Senecae
1160 2136 1299 2171 consol.
1337 2137 1388 2171 ad
1422 2136 1547 2172 Marc.
1579 2137 1602 2173 3
1640 2136 1734 2172 bruti
1764 2149 1794 2172 ω

443 2187 534 2223 diem
578 2187 759 2224 Heinsius
798 2187 902 2224 fidem
947 2201 976 2224 ω
1151 2189 1174 2226 5
1216 2191 1290 2225 aevi
1334 2190 1516 2227 Heinsius
1679 2191 1701 2227 6
1741 2193 1792 2237 cf.

305 2244 448 2288 epiced.
479 2241 600 2279 Drusi
629 2243 679 2280 39
784 2243 844 2279 Est
872 2247 886 2280 l
1013 2245 1034 2281 7
1066 2244 1215 2281 Discidio
1247 2245 1360 2281 BHR
1375 2247 1415 2282 Vl
1456 2245 1606 2282 Dissidio
1637 2246 1685 2283 Se
1721 2246 1793 2281 Dis-

304 2297 392 2333 cedo
429 2298 621 2334 Leidensis
658 2299 704 2334 ab
742 2299 898 2336 Heinsio
936 2301 1096 2336 collatus
1134 2305 1227 2337 teste
1264 2300 1503 2346 Burmanno‚
1535 2313 1560 2336 α
1672 2301 1754 2336 dicit
1782 2303 1795 2337 l

306 2352 373 2388 (lici
415 2354 464 2390 Vc
577 2354 600 2390 8
632 2365 735 2402 quem
768 2354 810 2389 Η
898 2366 987 2402 puer
1016 2351 1093 2392 ΒΣ
1182 2367 1270 2403 quae
1300 2368 1380 2401 om.‚
1412 2369 1457 2392 m.
1489 2367 1566 2392 rec.
1596 2367 1793 2403 suprascr.

307 2407 350 2443 H
376 2419 479 2456 quem
501 2409 537 2444 R
650 2409 673 2445 9
706 2409 766 2445 Set
782 2411 830 2446 -V
948 2410 996 2446 11
1028 2412 1073 2446 mi
1104 2414 1255 2457 scripsi.
1287 2411 1322 2446 Si
1352 2423 1382 2446 ω
1411 2411 1473 2447 sed
1505 2412 1796 2459 Canneyieterus

386 2503 440 2532 est
477 2509 545 2533 om.
577 2497 675 2535 BVe
786 2508 906 2534 cesare
947 2499 1011 2536 Vle
1126 2499 1176 2535 12
1207 2499 1294 2535 dixit
1332 2499 1414 2535 dum
1451 2495 1672 2548 moriorque]
1711 2478 1793 2535 (lum

307 2586 440 2620 morior
469 2585 556 2620 dixit
586 2585 629 2620 H
737 2586 820 2621 satis
852 2591 906 2621 est
935 2586 975 2621 H
1003 2592 1057 2622 sat
1087 2593 1141 2623 est
1173 2587 1348 2623 Pithoeus
1377 2593 1412 2623 et
1441 2586 1622 2623 Heinsius
1703 2587 1795 2622 Post

308 2653 340 2677 v.
366 2640 415 2676 12
447 2642 594 2676 inserui
614 2640 787 2680 23—26,
819 2643 884 2688 qui
918 2644 956 2676 in
994 2644 1181 2689 sinyulari
1216 2643 1398 2678 schedula
1435 2644 1519 2678 add.
1551 2645 1636 2678 sunt
1665 2642 1793 2677 eadem

303 2707 417 2731 mana
451 2707 527 2742 qua
564 2697 821 2732 antecedentis
850 2698 991 2743 eleyiae
1023 2709 1055 2733 v.
1091 2697 1165 2733 123
1197 2708 1250 2744 sq.
1283 2700 1322 2732 in
1353 2697 1388 2732 B
1499 2696 1549 2731 23
1579 2696 1665 2731 iussi
1696 2697 1710 2731 l

297 2745 398 2786 'beati
430 2750 639 2786 Salmasius
667 2750 767 2786 beate
796 2763 826 2786 ω
857 2749 910 2797 ‘fi
942 2751 1086 2788 beatus’
1118 2751 1168 2788 Is.
1214 2753 1363 2788 Vossius
1446 2750 1550 2786 molle
1579 2746 1698 2799 beate]
1730 2762 1793 2786 no-

303 2805 371 2841 bile
401 2809 436 2840 et
466 2804 510 2840 ob
541 2810 575 2841 te
607 2808 700 2842 coni.
735 2806 908 2853 Scaliyer
999 2807 1087 2842 vitae
1119 2835 1126 2842 .
1153 2835 1159 2842 .
1185 2835 1193 2842 .
1225 2806 1344 2842 beatae
1375 2808 1431 2842 vel
1459 2806 1561 2841 luxus
1594 2833 1602 2840 .
1626 2833 1635 2842 .
1659 2833 1667 2840 .
1699 2805 1790 2840 beati

1842 2699 1860 2706 -
