1884 3126
742 109 1021 140 PRAEFATIO.
1565 90 1653 139 11111

239 226 342 267 Alia
371 239 474 267 vero
505 237 616 281 quae
646 229 868 279 tamquam
899 237 996 264 mea
1025 221 1236 264 refutavit
1256 219 1384 262 Thilo
1415 235 1652 278 numquam

47 296 51 301 '
127 293 239 335 dixi:
288 307 321 335 e.
352 308 389 334 0.
428 291 570 334 videri
616 290 710 332 dixi
747 305 816 332 res
855 295 899 331 et
933 303 1139 344 magnam
1179 289 1375 345 ipsorum
1418 288 1650 331 verborum

127 366 293 417 partem
313 359 586 402 Macrobium
616 357 843 413 integriori
865 356 1018 399 Servio
1051 357 1232 410 debere,
1263 369 1351 397 11011
1381 355 1475 397 (11Χί
1506 362 1651 397 311010-

126 429 246 470 ritati
284 428 376 470 eius
413 439 725 483 usquequaque
763 424 985 467 addictum
1020 438 1107 466 non
1143 423 1378 480 protulisse
1416 423 1501 464 nisi
1540 438 1651 480 quae

128 511 206 538 suo
256 494 329 537 ille
377 493 543 537 calculo
593 492 936 550 comprobasset.
995 506 1136 548 neque
1186 491 1299 533 enim
1347 496 1439 532 tam
1487 490 1650 533 nullius

127 564 282 605 mentis
320 563 536 605 hominem
571 560 844 603 Macrobium
879 559 985 600 mihi
1015 559 1154 614 fingo,
1192 561 1267 616 qui
1296 573 1385 600 non
1415 573 1546 600 ausus
1579 560 1650 611 sit,

127 632 229 672 dum
273 631 379 686 legit
430 628 712 685 excerpitque
764 627 1035 683 grammatici
1092 627 1294 683 quamvis
1340 641 1507 668 summo
1557 625 1651 668 1000

126 697 265 740 habiti
295 702 563 750 commenta,
603 696 735 743 etiam
765 709 876 751 quae
906 695 978 736 hic
1006 708 1093 736 non
1123 694 1398 751 probaverit,
1430 694 1651 736 rettulerit

125 772 292 819 tamen,
338 779 417 822 pro
459 764 576 807 veris
613 763 918 806 commendare
967 761 1043 817 (cf.
1083 777 1125 818 p.
1162 763 1211 804 17
1251 761 1305 804 de
1342 763 1453 804 Aen.
1486 761 1528 803 V
1566 762 1650 804 238

126 833 383 890 disputata).
450 847 530 874 1100
572 837 662 873 tam
698 831 953 873 temerarius
992 844 1073 884 ego
1120 830 1208 883 fui,
1247 836 1296 871 ut
1333 830 1548 887 quidquid
1593 829 1650 872 ad

126 899 433 957 explicandum
463 899 534 942 vel
564 898 882 941 aestimandum
911 904 1085 955 poetam
1116 897 1291 953 collegit
1310 898 1562 941 Macrobius
1594 913 1650 940 ex

124 967 394 1035 unoxServio
434 973 656 1023 sumptum
693 981 788 1008 esse
826 965 1115 1008 confidentius
1147 966 1475 1008 adseverarem:
1515 965 1650 1008 Hate-

125 1038 245 1079 riano
275 1043 504 1092 utrumque
533 1050 662 1076 usum
692 1049 788 1076 esse
820 1033 896 1088 (cf.
918 1049 959 1090 p.
981 1034 1056 1088 37)
1087 1034 1181 1090 ipse
1210 1033 1361 1076 monui
1390 1048 1434 1090 p.
1458 1034 1536 1076 177
1560 1049 1646 1090 sq.;

124 1104 241 1146 idem
277 1119 319 1161 p.
354 1104 433 1146 113
472 1104 526 1145 de
562 1102 748 1158 Vergilii
788 1101 1037 1143 auctoribus
1082 1101 1382 1157 quaestionem
1426 1101 1649 1158 antiquam

123 1171 349 1214 Macrobio
380 1172 437 1213 ad
465 1185 619 1212 manus
649 1169 788 1211 fuisse
817 1168 983 1210 conieci
1014 1169 1090 1224 (cf.
1120 1167 1248 1210 Thilo
1278 1183 1321 1225 p.
1353 1170 1443 1225 48).

236 1240 470 1281 Praeterea
498 1237 615 1295 quod
644 1252 685 1294 p.
706 1237 734 1279 5
764 1236 890 1279 docet
919 1236 1201 1279 adversarius
1232 1236 1453 1278 Isidorum
1483 1243 1526 1279 et
1555 1252 1646 1294 my-

124 1307 390 1364 thographos
434 1305 602 1363 aliquot
644 1304 752 1346 locis
794 1305 1043 1347 breviorem
1088 1305 1231 1347 Servii
1275 1306 1415 1347 nostri
1463 1305 1647 1347 formam

124 1374 306 1417 reddere
343 1374 450 1416 nihil
486 1373 683 1430 profecto
719 1373 878 1428 probat
914 1373 999 1414 nisi
1029 1372 1147 1430 quod
1177 1387 1254 1429 per
1292 1388 1339 1414 se
1370 1374 1477 1415 satis
1509 1372 1646 1415 credi-

125 1442 214 1484 bile
234 1450 315 1497 est,
344 1442 433 1484 iam
461 1448 563 1483 ante
593 1439 765 1482 illorum
787 1446 986 1494 aetatem,
1019 1440 1062 1482 h.
1082 1455 1119 1482 e.
1150 1446 1251 1482 ante
1273 1440 1494 1483 saeculum
1515 1441 1646 1497 septi-

125 1524 243 1552 mum
271 1512 343 1553 vel
373 1516 547 1552 sextum
577 1514 785 1564 excerpta
813 1514 962 1550 nostra
992 1508 1111 1551 facta
1141 1523 1250 1550 esse.
1298 1515 1344 1551 at
1370 1515 1516 1551 tamen
1546 1508 1645 1551 aliis
1718 1535 1720 1537 >

125 1578 231 1620 loeis
269 1577 467 1621 Isidorus
505 1576 636 1618 etiam
674 1590 772 1617 cum
807 1576 1006 1618 Danielis
1045 1577 1280 1619 scholiasta
1315 1578 1539 1633 conspirat
1568 1577 1644 1632 (cf.

124 1661 167 1702 p.
196 1647 224 1688 5
255 1645 363 1702 sq.),
395 1646 473 1687 ubi
508 1659 607 1687 cum
636 1657 906 1686 communem
934 1645 1108 1701 utrique
1145 1644 1312 1686 fontem
1349 1644 1486 1686 fuisse
1514 1643 1644 1687 Thilo

42 1725 46 1731 ’
122 1713 216 1769 ipse
245 1713 468 1765 concedat,
499 1711 605 1768 quid
635 1717 702 1753 est
729 1725 808 1753 cur
837 1710 892 1753 de
922 1711 1168 1768 antiquiore
1197 1726 1328 1767 quam
1359 1711 1502 1755 Servii
1532 1727 1645 1755 com-

121 1781 333 1824 mentario
371 1779 644 1836 cogitemus?
693 1779 768 1836 qui
806 1793 885 1836 per
921 1779 1085 1835 gradus
1116 1778 1343 1836 paullatim
1373 1779 1643 1837 despoliatus

121 1848 337 1904 quaedam
365 1850 412 1890 in
440 1863 492 1891 eo
522 1846 781 1905 exemplari,
820 1861 904 1904 quo
934 1847 1132 1890 Isidorus
1162 1862 1268 1890 usus
1298 1853 1386 1902 est,
1417 1849 1549 1891 etiam
1578 1864 1643 1891 re-

121 1915 275 1970 tinuit,
313 1931 426 1974 quae
460 1915 652 1972 vulgatis
691 1915 916 1958 codicibus
953 1916 1115 1959 nostris
1147 1915 1419 1958 saeculorum
1446 1917 1550 1960 noni
1578 1931 1642 1958 re-

122 1985 448 2042 centiorumque
476 1983 565 2026 iam
594 1984 777 2026 desunt:

232 2052 295 2094 At
331 2052 446 2094 enim
482 2065 587 2094 vero
623 2050 712 2093 alia
747 2051 962 2108 quaedam
990 2053 1060 2094 vir
1088 2052 1243 2095 doctus
1273 2052 1319 2094 in
1348 2067 1498 2095 museo
1527 2051 1641 2095 Rhe-

120 2133 233 2162 113110
263 2118 368 2162 011111
396 2118 530 2175 (XIV
559 2135 604 2176 p.
631 2119 735 2174 550)
773 2119 920 2161 attulit
955 2127 1227 2175 argumenta.
1285 2120 1473 2175 primum
1509 2119 1638 2163 libro-

120 2201 239 2242 rum,
270 2187 427 2244 quibus
458 2187 685 2229 mutilatus
715 2186 895 2229 Servius
924 2186 1135 2241 traditur,
1165 2185 1505 2242 multitudinem,
1535 2203 1640 2245 pau-

120 2254 297 2297 citatem
352 2261 506 2297 eontra
546 2254 898 2296 Danielinorum:
960 2255 1076 2311 quod
1124 2254 1288 2297 nemini
1337 2256 1518 2312 inponet
1567 2258 1643 2313 qui

118 2322 363 2364 meminerit
399 2322 540 2364 solere
575 2322 811 2377 genuinum
847 2321 1107 2379 scriptorum
1150 2323 1430 2379 antiquorum
1473 2329 1642 2366 textum

120 2388 271 2446 paucis
300 2389 372 2431 vel
406 2403 494 2431 uno
531 2388 791 2445 exemplari,
827 2389 1135 2447 interpolatum
1172 2397 1414 2433 ceterorum
1442 2391 1641 2435 codicum

120 2455 252 2499 turba
280 2462 502 2499 servatum
530 2471 638 2499 esse.
674 2462 767 2498 tum
797 2457 1092 2514 subscriptum
1121 2457 1212 2500 illic
1232 2459 1452 2515 expressis
1481 2458 1638 2502 litteris

121 2523 264 2566 Servii
301 2538 478 2578 nomen,
517 2525 725 2567 omissum
761 2525 845 2566 hic.
895 2525 952 2567 ad
983 2525 1184 2568 Servium
1221 2526 1396 2582 quidem
1425 2533 1545 2570 recte
1574 2543 1638 2570 re-

120 2592 227 2634 ferri
254 2592 454 2634 mutilata
483 2607 653 2649 quoque
672 2607 908 2649 numquam
927 2593 1108 2649 negavi3
1139 2593 1355 2650 pleniores
1385 2609 1490 2638 vero
1520 2597 1638 2638 sche-

121 2657 204 2702 dae
230 2674 318 2702 non
345 2659 407 2703 ita
434 2659 618 2714 multae,
648 2658 927 2715 neglegenter
956 2667 1000 2703 et
1027 2661 1201 2703 turbide
1231 2662 1419 2718 scriptae
1450 2662 1526 2717 (cf.
1556 2662 1586 2705 l.
1608 2663 1636 2705 l.

121 2740 163 2782 p.
192 2726 289 2770 541.
320 2727 423 2783 543)
455 2733 709 2784 supersunt,
747 2728 864 2770 omni
893 2727 1068 2785 quidem
1098 2728 1333 2771 destitutae
1362 2729 1512 2784 titulo,
1550 2744 1636 2787 quo

122 2799 266 2839 tamen
293 2796 493 2853 quamvis
524 2801 712 2846 careant,
751 2793 883 2838 alicui
919 2795 1074 2838 saltem
1102 2797 1270 2840 auctori
1298 2812 1385 2840 non
1414 2798 1634 2843 nominato
