1884 3126
857 146 1004 173 cumx.
1183 152 1185 154 ·
1520 167 1521 170 ,
1640 130 1695 172 69

280 271 444 312 scrupea
477 259 658 300 desertae
688 262 904 310 surrepunt
933 256 980 297 ad
1013 269 1106 296 cava
1138 257 1269 309 rupis:
1640 259 1690 296 51
1736 292 1740 295 .

280 333 491 373 tondentur
522 338 659 373 tenero
690 331 895 372 viridantia
925 331 1101 382 gramina
1133 342 1281 374 morsu,
1639 332 1694 370 50

279 406 445 459 pendula
477 407 664 459 proiectis
695 410 910 458 carpuntur
943 408 981 443 et
1011 402 1151 443 arbuta
1183 404 1303 443 ramis

278 481 478 533 densaque
511 479 689 532 virgultis
719 478 830 518 avide
861 477 1044 518 labrusca
1076 482 1280 530 petuntur.

277 555 374 593 haee
404 565 592 606 suspensa
625 553 727 604 rapit
755 556 944 604 carpente
967 552 1176 590 eacumina
1209 563 1345 591 morsu

276 627 335 667 vel
365 626 496 667 salicis
525 627 654 666 lentae
687 625 746 665 vel
777 638 876 678 quae
907 637 1005 664 nova
1035 625 1212 664 nascitur
1243 624 1368 670 alnus,
1406 671 1409 674 ‚
1639 627 1692 664 55

276 701 372 741 haec
402 707 558 741 teneras
588 700 775 739 fruticum
808 705 940 739 sentes
971 699 1158 744 rimatur,
1191 703 1231 737 at
1260 697 1325 737 illa

274 774 452 813 imminet
480 774 625 824 inrigui
656 773 871 825 praestanti
903 773 1093 823 marginis
1126 771 1250 812 ulvae.

274 846 417 887 talibus
447 848 488 887 in
519 847 658 886 studiis
692 845 830 886 baculo
862 845 954 884 duni
986 846 1102 885 nixus
1133 846 1290 898 apricas
1439 884 1445 896 ,
1635 847 1688 885 98

272 925 407 973 pastor
437 921 515 971 agit
545 932 657 960 curas
690 925 728 959 et
758 919 852 959 dum
885 932 962 959 non
994 924 1078 959 arte
1110 931 1255 958 canora

274 999 472 1046 compacta
504 993 662 1034 solitum
693 993 921 1033 modulatur
952 992 1173 1032 harundine
1205 1004 1384 1031 carmen:
1604 995 1687 1032 100

275 1067 401 1107 tendit
433 1068 633 1107 inevectus
667 1067 799 1107 radios
830 1066 1065 1119 Hyperionis
1096 1065 1214 1105 ardor

246 1195 311 1231 51.
344 1194 399 1232 50
427 1195 501 1231 hoc
531 1196 663 1231 ordine
694 1195 871 1239 Bembus,
904 1196 1057 1231 inverso
1080 1193 1155 1229 53oe
1243 1193 1294 1230 51
1328 1184 1464 1241 Stupea
1491 1194 1504 1229 l
1565 1192 1687 1229 ‹leser-

162 1257 216 1288 tae
256 1252 422 1288 Bembus
465 1251 625 1287 desertas
663 1250 856 1288 BGEYea
894 1250 1046 1286 desertis
1084 1250 1196 1286 AHP
1208 1250 1286 1296 [ἄψ
1331 1249 1444 1286 destis
1488 1248 1520 1296 (s
1553 1252 1688 1296 priore

164 1319 267 1345 eor-r.
304 1319 356 1344 ex
379 1306 424 1354 p)
452 1309 466 1344 l
581 1313 777 1355 surrepunt
808 1309 961 1354 scripsi.
993 1306 1166 1343 herebant
1198 1306 1278 1343 BH
1305 1305 1500 1343 haerebant
1532 1306 1687 1354 Οἵψεα

157 1363 322 1400 {terebant
351 1364 400 1400 Pt
430 1363 596 1400 haerebat
628 1364 683 1400 Kc
713 1362 878 1415 errabant
908 1364 1032 1412 Kmy„
1070 1363 1143 1400 OV
1169 1369 1370 1411 perrepunt
1407 1364 1570 1400 Bembus

158 1421 255 1468 rupis
279 1421 321 1463 G,
358 1421 520 1457 Bembus
549 1420 636 1468 ripis
665 1420 738 1457 ΗΟ
768 1431 876 1468 rupes
913 1418 991 1465 Ψψ
1077 1419 1133 1457 50
1165 1419 1363 1456 tondentur
1394 1420 1562 1456 Bembus
1594 1419 1686 1456 Ten-

158 1476 287 1514 debant
319 1477 348 1513 C
376 1476 586 1513 Tondebant
620 1475 694 1512 Ψω
781 1476 975 1512 uiridaneia
1015 1477 1051 1512 Y
1197 1476 1250 1513 53
1281 1476 1385 1527 auide
1414 1477 1451 1512 B
1488 1476 1613 1512 auidae
1655 1477 1690 1513 P

242 1538 417 1581 petuntur
454 1533 602 1570 Nonius
640 1545 676 1581 p.
710 1532 810 1573 211,
852 1532 903 1568 27
937 1538 1112 1570 testatur.
1155 1533 1267 1580 petita
1304 1537 1359 1569 est
1391 1533 1434 1569 H
1526 1532 1579 1569 54
1611 1532 1686 1570 Hee

159 1591 201 1626 H
213 1591 243 1627 V
249 1590 285 1626 Y
304 1589 432 1626 Haeret
455 1590 503 1635 G,
574 1590 667 1638 rapit
697 1601 766 1626 om.
792 1590 822 1625 G
909 1590 1103 1629 cacumina.
1134 1601 1237 1625 corr.
1262 1602 1308 1626 m.
1333 1599 1412 1625 rec.
1446 1590 1621 1626 cammina
1642 1591 1679 1626 B

243 1646 296 1683 55
326 1645 389 1681 Vel
422 1646 508 1688 EG,
551 1646 718 1682 Bembus
747 1645 821 1681 Hec
851 1646 977 1682 HVY
1003 1645 1095 1682 Haec
1140 1644 1237 1692 Ψψ,
1277 1647 1346 1682 sed
1371 1647 1528 1682 litterae
1551 1645 1581 1681 H
1609 1658 1684 1683 non

157 1704 267 1739 solita
294 1703 423 1750 forma
453 1705 491 1739 in
514 1703 550 1738 B
662 1702 759 1738 lente
780 1703 824 1738 H
842 1708 961 1738 mente
980 1703 1029 1738 Pt
1116 1714 1186 1750 que
1215 1702 1252 1739 Y
1332 1703 1492 1738 nascitur
1522 1703 1537 1738 i
1566 1704 1683 1751 pasci*-

158 1764 216 1795 tur
244 1759 280 1795 Y
348 1758 460 1800 almis,
492 1770 595 1795 corr.
619 1771 665 1794 m.
690 1769 770 1794 rec.
794 1758 895 1794 alnus
920 1759 953 1794 B
983 1759 1091 1794 almas
1114 1757 1155 1794 Α’
1232 1759 1286 1796 56
1319 1760 1384 1795 hec
1414 1759 1457 1795 H
1526 1759 1680 1796 fruetiefi

290 1821 296 1826 ”
534 1820 539 1823 ’
1346 1824 1364 1840 u

155 1854 276 1885 sentes
318 1850 349 1884 V
387 1848 493 1885 fructi
531 1854 699 1886 eusentes
731 1850 761 1886 G
790 1849 915 1885 l'ratieu
947 1854 1068 1885 sentes
1099 1852 1112 1886 l
1228 1851 1377 1886 rimator
1409 1850 1452 1886 Η
1478 1850 1681 1886 ruminatur

158 1906 206 1942 la
239 1906 387 1941 miratur
418 1906 448 1942 G
593 1906 646 1943 57
679 1905 831 1942 Inminet
874 1907 903 1942 V
937 1905 1063 1942 lminet
1093 1908 1106 1942 l
1200 1907 1336 1955 inrigui
1367 1906 1546 1954 Scaliyer
1576 1907 1683 1942 inriui

160 1961 233 1997 Ψω
271 1966 306 1998 et
343 1962 411 1997 riui
442 1963 484 1998 H
555 1963 750 2010 praestanti
788 1964 846 1999 vel
884 1964 1091 2010 properanti
1130 1963 1308 2011 Scaliger
1346 1963 1564 2011 praestantis
1608 1962 1682 1999 Ψω

156 2029 348 2076 prestantis
381 2029 414 2065 Y
438 2029 574 2077 prantis
608 2030 639 2066 V
722 2031 891 2079 marginis
923 2029 1099 2078 Scccliyer
1127 2031 1293 2079 imaginis
1318 2029 1509 2079 (ymaginis
1527 2031 1581 2077 H)
1603 2029 1679 2067 Ωω

241 2085 339 2121 ulvae
370 2086 567 2133 Hauptius
598 2086 690 2122 unda
722 2087 765 2123 Gt
797 2086 925 2123 undam
961 2085 1053 2134 Ψψ,
1085 2087 1254 2124 Bembus
1285 2087 1399 2123 undae
1431 2087 1609 2135 Scaliqer

167 2143 307 2178 Versus
337 2142 529 2180 98-103
564 2148 651 2190 post
681 2142 734 2180 57
771 2145 972 2190 ponendos
1009 2154 1092 2179 esse
1121 2145 1382 2180 demonstravi
1409 2145 1434 2180 l.
1467 2146 1492 2180 l.
1523 2156 1562 2190 p.
1599 2143 1677 2181 102

154 2205 223 2246 sq.:
258 2200 447 2246 vulyatum
479 2201 646 2236 ordinem
676 2200 766 2236 libri
795 2205 969 2245 tuentur,
1003 2201 1071 2236 sed
1099 2202 1136 2235 in
1170 2199 1204 2234 B
1235 2213 1265 2236 υ.
1300 2199 1352 2236 98
1384 2212 1478 2246 non,
1512 2205 1552 2236 ut
1583 2202 1679 2238 solet

153 2258 191 2291 in
222 2257 361 2302 capitis
389 2257 492 2291 initio
521 2257 619 2302 fieri,
653 2260 767 2303 utque
801 2269 831 2292 υ.
858 2255 940 2291 104
962 2258 1162 2303 insae'ym'tus
1193 2260 1248 2292 est
1276 2257 1526 2303 amplioribus
1546 2259 1678 2294 minia-

154 2314 276 2358 lisque
310 2313 458 2347 litteris.
519 2317 728 2358 praeterea
769 2325 800 2348 v.
834 2311 886 2348 98
918 2323 973 2359 sq.
1013 2314 1147 2349 ordine
1186 2315 1338 2349 inverso
1377 2315 1415 2349 in
1459 2313 1497 2349 V.
1558 2316 1676 2350 inter-

154 2368 292 2403 cedunt
330 2372 454 2403 citatem
491 2370 591 2404 inter
629 2381 661 2404 v.
694 2367 745 2404 57
787 2373 822 2404 et
855 2367 935 2405 104.
974 2378 1107 2405 versus
1145 2370 1423 2418 qzcadrayinta,
1466 2375 1505 2406 ut
1540 2370 1678 2418 facilis

155 2425 378 2459 coniectura
410 2425 456 2458 sit
482 2428 570 2470 post
601 2425 788 2471 inleyrum
814 2425 952 2471 folium
981 2435 1053 2461 sex
1083 2427 1170 2462 illos
1190 2438 1213 2462 a
1234 2427 1396 2463 librario
1419 2430 1678 2474 transpositos

149 2479 287 2525 fuisse.
348 2489 492 2515 summa
528 2481 685 2516 licentia
724 2482 761 2516 in
802 2485 876 2518 tolo
914 2482 986 2518 hoc
1023 2483 1108 2519 Ioco
1145 2489 1352 2531 yrassatus
1390 2488 1445 2519 est
1485 2483 1673 2532 Scaliyer.

239 2535 290 2572 98
322 2535 473 2583 apricam
515 2536 548 2572 V
580 2534 734 2584 (apricus
781 2537 816 2573 Y
849 2542 942 2574 leste
991 2538 1133 2586 Vossio)
1236 2539 1287 2576 99
1320 2550 1468 2575 canoras
1514 2541 1549 2577 Y
1582 2545 1677 2578 teste

164 2614 291 2650 Vossio
380 2614 460 2651 100
490 2614 666 2662 conpacta
699 2615 820 2652 BVY
843 2598 1036 2665 Compactg
1060 2618 1089 2654 C
1143 2618 1291 2654 solitum
1312 2619 1386 2655 ΑΕ
1405 2617 1560 2655 solidum
1582 2618 1674 2668 Ωψ,

154 2670 318 2706 Bembus
389 2670 587 2706 harundine
625 2671 703 2707 BV
712 2673 746 2708 Y
778 2673 950 2709 arundine
986 2673 1079 2722 Ψω,
1125 2679 1309 2722 quantum
1345 2677 1436 2712 scio.
1528 2676 1605 2713 101
1639 2678 1674 2713 in

152 2731 294 2763 evectos
316 2727 483 2763 Bembus
503 2723 681 2778 §euectus
703 2738 723 2766 ε
799 2728 900 2765 radio
923 2731 965 2766 H
1041 2731 1220 2779 yperionis
1243 2731 1287 2772 C;
1311 2734 1409 2778 item,
1434 2733 1502 2768 sed
1520 2745 1566 2768 m.
1591 2744 1670 2770 rec.

149 2782 300 2828 factum
336 2784 514 2831 ypinionis
546 2783 583 2818 B
613 2785 784 2832 ypirionis
825 2786 859 2821 Υ
890 2791 983 2823 leste
1014 2788 1238 2824 Froelmero
1274 2788 1470 2836 hiperiouis
1514 2789 1543 2825 V
1570 2789 1673 2838 Rapi-

153 2838 264 2874 rionis
302 2839 336 2875 Y
361 2843 454 2877 teste
496 2840 623 2877 Vossio
710 2841 846 2878 ardoris
886 2843 920 2879 Y
945 2848 1038 2880 teste
1071 2844 1198 2881 Vossio
