1884 3126
268 154 345 195 198
877 166 1090 193 MAECENAS
1111 167 1138 192 1.

374 278 459 327 quis
490 277 572 315 sore
603 274 804 319 credebat,
836 279 1035 326 premeret
1065 285 1152 313 cum
1181 275 1257 312 iam
1288 274 1439 324 inpiger
1468 274 1594 312 infans
1701 275 1750 311 81

429 348 572 398 hydros
603 348 780 397 ingentes
811 347 871 384 vix
903 346 1081 396 capiente
1112 346 1253 384 manu?

373 431 508 458 cumve
538 422 806 458 renascentem
836 422 981 457 tereret
1010 417 1193 456 velociter
1222 416 1402 467 Hydram,

429 492 627 541 frangeret
655 492 833 529 inmanes
862 489 921 528 vel
952 488 1147 528 Diomedis
1179 500 1298 538 equos
1339 499 1348 510 ⁴

377 562 434 602 vel
466 561 590 601 tribus
619 562 790 601 adversis
820 572 1065 600 communem
1094 559 1280 599 fratribus
1310 559 1434 599 alvum
1701 562 1752 597 85

428 638 467 673 et
495 646 562 672 sex
593 633 771 672 adversas
799 632 903 672 solus
933 634 973 672 in
1003 644 1110 671 arma
1140 633 1301 671 manus?

372 705 471 744 fudit
499 704 654 744 Aloidas
684 716 872 756 posquam
903 704 1121 743 dominator
1152 703 1314 756 Olympi,

428 777 568 815 dicitur
599 777 638 815 in
671 776 832 814 nitidum
862 775 1116 827 percubuisse
1146 775 1248 814 diem

372 853 488 900 atque
518 847 681 899 aquilam
713 848 865 886 misisse
895 859 1023 892 suam,
1062 858 1160 896 quae
1191 853 1395 898 quaereret
1425 847 1556 898 eequis

429 925 562 971 posset
592 925 766 958 amaturo
798 919 911 969 digna
941 919 1091 957 referre
1119 918 1208 957 lovi.
1703 920 1755 957 90

378 991 474 1031 valle
504 990 574 1030 sub
606 990 718 1030 Idaea
748 995 830 1029 tum
858 995 917 1034 te,
953 990 1124 1029 formose
1152 989 1347 1034 sacerdOS,

427 1064 575 1102 invenit
605 1068 643 1101 et
673 1074 808 1113 presso
838 1061 1007 1100 molliter
1038 1072 1168 1112 ungue
1199 1062 1313 1112 rapit.

373 1137 428 1174 sic
458 1140 533 1174 est:
566 1135 686 1174 victor
717 1139 838 1179 amet,
870 1134 991 1172 victor
1021 1134 1190 1184 potiatur
1219 1134 1258 1172 in
1289 1133 1436 1178 umbra,

428 1208 549 1246 victor
579 1206 738 1245 odorata
769 1205 933 1244 dormiat
964 1207 1078 1256 inque
1107 1217 1208 1244 rosa.

375 1281 497 1319 victus
527 1283 610 1318 aret
639 1279 838 1328 victusque
868 1282 1008 1321 metat,
1039 1282 1163 1316 metus
1192 1277 1358 1326 imperet
1386 1276 1452 1322 illi,
1704 1280 1754 1316 95

430 1351 603 1390 membra
635 1362 706 1388 nec
735 1351 774 1388 in
805 1354 921 1388 strata
952 1354 1128 1388 sternere
1159 1348 1283 1387 discat
1312 1348 1442 1387 humo.

376 1429 550 1475 tempora
582 1422 808 1472 dispensant
839 1433 930 1460 usus
961 1425 999 1459 et
1030 1426 1204 1471 tempora
1234 1419 1376 1459 cultus:

429 1495 525 1534 haec
555 1494 732 1532 homines
761 1493 950 1543 pecudes,
983 1491 1079 1531 haee
1108 1491 1360 1531 moderantur
1390 1504 1491 1531 aves.

264 1603 408 1635 metam.
438 1597 493 1632 XV
525 1596 605 1633 230
634 1606 738 1642 saepe
768 1607 797 1630 ω
884 1644 903 1650 Α
924 1594 973 1630 81
1005 1600 1182 1641 premeret
1213 1605 1291 1630 cum
1315 1581 1388 1630 'iam
1418 1607 1442 1629 α
1472 1606 1551 1630 eum
1581 1596 1647 1630 iam
1677 1606 1755 1642 pre-

871 1654 905 1670 tu

268 1692 340 1722 met
370 1687 406 1721 B
443 1689 485 1721 cti
522 1686 587 1720 iam
623 1683 720 1730 fimet
750 1683 783 1718 R
823 1687 909 1733 ⁸:993
946 1683 1012 1717 iam
1045 1678 1144 1729 ‘pinet
1173 1683 1215 1718 H
1243 1693 1321 1718 cum
1358 1683 1423 1717 iam
1460 1684 1587 1730 premit
1618 1683 1758 1721 SEVze

268 1753 364 1778 cum.
376 1745 556 1788 rumperet
587 1739 761 1785 Sculiyer
858 1738 1008 1785 impiger
1037 1737 1132 1774 BRe
1258 1736 1309 1773 82
1343 1737 1471 1773 Hidros
1501 1739 1543 1774 H
1570 1738 1689 1774 hidros
1733 1739 1761 1775 V

349 1796 400 1833 83
432 1795 517 1830 Cum
548 1804 632 1830 uere
652 1798 854 1829 nascentem
877 1793 912 1828 B
941 1793 1039 1828 Tunc
1059 1803 1103 1827 ne
1123 1796 1363 1828 renascentem
1385 1802 1403 1829 ε
1492 1798 1600 1828 terret
1622 1793 1696 1829 HR
1710 1793 1755 1829 Vt

350 1851 500 1887 feliciter
539 1849 743 1885 Vossianus
772 1853 808 1884 et
837 1849 1028 1884 Leidensis
1051 1851 1070 1891 (
1079 1847 1110 1882 V
1111 1848 1141 1889 l)
1174 1851 1267 1883 teste
1288 1847 1531 1884 Burmanno:
1560 1851 1640 1894 ipse
1669 1850 1759 1885 nihil

267 1909 405 1944 notavi.
503 1905 674 1941 uelociter
704 1909 823 1939 ureret
855 1904 1032 1939 Gorullus
1145 1902 1198 1939 84
1228 1904 1396 1938 immanes
1426 1904 1502 1939 HR
1615 1904 1666 1941 86
1698 1903 1756 1939 ad-

269 1973 392 1998 uersus
414 1962 455 1997 H
469 1973 514 1996 m.
535 1961 555 1995 1
683 1959 733 1995 87
765 1959 894 1994 aloidas
924 1971 949 1993 οι
988 1957 1118 1993 nolidas
1147 1958 1252 1993 Leid.
1282 1960 1383 1993 alter
1413 1962 1505 1994 teste
1537 1959 1758 1995 Burmanno

263 2005 426 2053 ff‘aloidas
445 2017 479 2052 R
510 2021 545 2051 ct
575 2010 705 2050 eol'idas
737 2024 756 2051 ε
791 2020 826 2050 et
857 2013 997 2050 oenidas
1028 2013 1064 2048 B
1090 2003 1238 2050 {lenidas
1269 2013 1311 2048 H
1321 2013 1367 2049 Vl
1396 2013 1537 2049 oenidas
1569 2014 1597 2050 S
1678 2025 1759 2061 pos-

268 2084 369 2120 quam
399 2073 434 2108 R
464 2075 650 2119 postquam
674 2075 734 2116 ψ’
819 2069 871 2106 88
901 2067 1130 2116 perculmisse
1151 2067 1273 2104 BSVZ
1303 2067 1533 2115 procubuisse
1553 2070 1678 2107 HReoc

268 2128 359 2164 diem
390 2126 496 2163 HRS
509 2127 551 2162 Vl
579 2125 707 2160 bouem
737 2125 773 2160 B
801 2135 866 2160 ms.
901 2124 1087 2169 Salmccsii‚
1120 2133 1166 2161 εα
1290 2123 1341 2159 89
1373 2124 1478 2158 misse
1507 2124 1544 2159 B
1640 2125 1758 2171 ecquis

268 2194 314 2221 εα
344 2182 469 2230 ecquid
493 2182 524 2216 Β
550 2170 660 2228 Siquid
681 2181 723 2216 H
750 2179 853 2227 lquid
882 2181 896 2215 l
926 2179 1014 2225 ech
1036 2180 1070 2215 R
1104 2186 1164 2224 7q
1194 2179 1224 2214 V
1333 2178 1386 2214 90
1415 2183 1551 2214 maturo
1578 2179 1654 2215 BH
1668 2191 1716 2215 m.
1737 2180 1756 2214 1

271 2239 362 2275 RVZ
463 2236 569 2284 digna
600 2235 780 2272 Heinsius
820 2236 921 2282 signa
952 2234 1114 2272 BHSVZ
1151 2234 1232 2269 uina
1261 2242 1307 2270 εα
1337 2244 1442 2280 posse
1473 2235 1507 2270 R
1611 2234 1761 2282 signifer

271 2305 349 2330 esse
382 2294 476 2329 coni.
510 2291 685 2338 Sculiyer
798 2291 846 2326 91
879 2289 944 2325 sub
975 2289 1052 2325 idea
1081 2291 1115 2327 R
1146 2288 1211 2324 sibi
1241 2288 1304 2324 dea
1333 2289 1375 2324 H
1465 2294 1538 2324 tum
1568 2287 1639 2334 (vel
1668 2289 1761 2333 cum)

269 2350 449 2386 Heinsius
486 2346 568 2382 dum
599 2358 628 2381 ω
664 2347 730 2381 iam
769 2346 946 2382 Hundius
984 2347 1034 2380 ad
1070 2346 1182 2381 Statii
1211 2345 1288 2380 silv.
1321 2343 1348 2378 ll
1377 2343 1430 2380 45
1571 2341 1755 2393 sacerdos]

268 2406 439 2440 iacentem
469 2403 648 2438 Heinsius
762 2400 812 2437 92
842 2411 1011 2447 prensum
1042 2404 1136 2437 coni.
1168 2400 1413 2435 Burmannus
1525 2401 1632 2447 ingue
1661 2402 1674 2435 l

271 2460 322 2496 93
354 2460 405 2494 sic
434 2454 507 2506 est]
539 2458 658 2505 segnis
681 2457 861 2492 Heinsius
946 2456 1098 2502 patiatur
1121 2455 1148 2491 S
1176 2455 1349 2502 spatietur
1370 2455 1550 2502 Scccliyer‘
1627 2454 1679 2491 94
1703 2454 1761 2490 ad-

272 2519 371 2550 orato
393 2514 434 2549 H
462 2513 603 2548 adorata
631 2514 645 2548 l
758 2511 808 2548 95
843 2511 958 2546 Victus
990 2517 1064 2546 aret
1093 2512 1280 2556 uictusque
1307 2515 1414 2545 metat
1441 2509 1563 2556 (metet
1583 2508 1632 2556 B)
1655 2509 1766 2545 ΒΒΣ

273 2594 416 2638 Victus*
429 2580 502 2638 {rat
542 2602 726 2648 uictusque
763 2605 870 2636 metat
900 2600 942 2636 H
967 2599 1086 2635 Victor
1115 2604 1206 2634 amet
1235 2599 1422 2646 uictusque
1451 2603 1557 2634 metat
1587 2598 1615 2633 S
1642 2598 1759 2632 Victus

272 2659 459 2704 uictusque
497 2659 646 2692 metatl
684 2656 857 2691 Victorem
897 2655 1010 2691 uictus
1042 2659 1174 2690 metuat
1215 2654 1290 2691 Vea
1401 2654 1548 2700 imperat
1576 2653 1650 2688 HR

274 2736 326 2773 96
356 2741 476 2770 tenere
516 2734 547 2769 V
582 2713 646 2770 tile
683 2743 826 2768 cernere
857 2742 875 2769 ε
913 2743 1046 2779 ponere
1084 2732 1263 2768 Heinsius
1420 2730 1470 2766 97
1501 2729 1678 2776 dispensat
1718 2728 1763 2765 Vl

357 2790 453 2826 culto
484 2790 526 2826 H
636 2788 686 2824 98
718 2788 920 2824 moderatur
948 2790 960 2823 l
