1884 3126
774 160 990 188 MAECENAS
1022 161 1048 186 1.
1586 142 1661 183 201

267 275 373 316 hunc
405 279 534 321 tamen
567 274 728 314 infuscis
758 272 908 325 placida
939 272 1012 312 sub
1043 277 1159 312 nocte
1191 273 1379 312 nitentem

323 348 549 389 Luciferum
580 353 716 387 contra
748 359 911 387 currere
942 346 1071 386 cernis
1103 346 1225 397 equis.

266 446 323 452 —
465 444 520 450 -—-
663 445 717 450 --
859 444 916 451 ——
1057 443 1111 449 —
1256 443 1306 448 —-

365 519 419 524 -—
566 518 615 523 --
762 517 811 522 —-
956 517 1011 523 —.
1153 516 1207 523 .—

266 569 331 609 hic
363 568 433 608 tibi
463 570 690 622 Corycium,
723 569 848 617 casias
877 567 942 607 hic
973 567 1091 606 donat
1122 567 1275 612 olentis,

321 642 386 682 bic
417 655 438 682 e
469 642 685 695 palmiferis
716 641 889 681 balsama
920 641 1037 680 missa
1068 642 1182 692 iugis.

268 729 374 771 nunc
404 716 574 769 pretium
606 715 788 756 candoris
817 713 959 761 habes,
993 726 1098 754 nunc
1128 713 1304 754 redditus
1336 713 1503 754 umbris:
1598 717 1673 753 135

325 795 364 830 te
393 801 528 829 sumus
559 788 670 828 obliti
700 788 936 828 decubuisse
965 800 1113 828 senem.

265 868 343 903 tam
375 862 526 915 Pylium
558 862 705 902 flevere
736 863 799 902 sui
830 867 891 902 ter
921 862 1085 902 Nestora
1117 874 1258 902 canum

323 936 586 989 dicebantque
615 941 749 975 tamen
780 948 858 975 non
889 929 982 976 satis
1012 948 1100 976 esse
1130 949 1279 976 senem.

264 1010 443 1051 Nestoris
473 1010 610 1050 annosi
642 1011 802 1050 vicisses
833 1009 1008 1056 saecula,
1040 1011 1074 1050 si
1104 1023 1167 1050 me

321 1083 546 1136 dispensata
576 1083 648 1123 tibi
679 1085 845 1124 stamina
875 1089 994 1124 nente
1023 1084 1168 1124 forent.
1594 1086 1675 1125 140

265 1169 372 1197 nunc
404 1169 476 1208 ego
507 1157 600 1210 quid
632 1158 820 1210 possum?
853 1156 989 1204 tellus,
1021 1156 1117 1198 levis
1147 1171 1235 1199 ossa
1267 1163 1412 1204 teneto,

320 1229 491 1283 pendula
520 1230 663 1271 librato
693 1231 848 1284 pondus
883 1237 923 1271 et
950 1232 1035 1284 ipsa
1067 1233 1194 1271 tuum!

265 1316 423 1364 semper
453 1310 557 1345 serta
588 1304 659 1344 tibi
689 1303 885 1351 dabimus,
916 1294 988 1344 'tihi
1018 1318 1176 1358 semper
1207 1306 1373 1346 odores:

285 1367 289 1371 ’
320 1390 399 1417 non
430 1390 613 1430 umquam
646 1379 801 1424 sitiens,
833 1378 972 1418 ssorida
1003 1391 1159 1432 semper
1191 1381 1282 1419 eris.

187 1538 189 1540 .
240 1505 316 1542 131
351 1505 448 1541 hunc
477 1510 596 1541 tamen
627 1508 780 1553 scripsi.
819 1505 931 1549 Quem
962 1504 1052 1552 (Quo
1083 1507 1125 1543 H
1153 1507 1249 1551 Quae
1279 1507 1457 1556 R)⁴nunc
1486 1521 1516 1545 ω
1623 1509 1675 1545 ἰη-

151 1563 262 1599 fuscis
308 1573 387 1598 una
432 1572 524 1599 voce
562 1564 714 1610 scripsi.
756 1563 792 1598 in
830 1562 941 1598 fuscis
974 1562 1108 1599 Vm.2
1139 1566 1203 1602 lea
1239 1564 1275 1599 in
1314 1564 1435 1601 ssuseis
1469 1565 1599 1602 Vm.1
1640 1567 1674 1602 in

152 1619 242 1655 susci
274 1618 311 1654 B
341 1618 376 1653 in
407 1617 478 1654 fusi
508 1617 585 1655 HR
680 1620 860 1655 iuuentam
892 1617 933 1653 Σ
1045 1619 1124 1657 133
1156 1620 1283 1667 ‘forte
1313 1624 1496 1659 nonnulla
1528 1623 1673 1659 deside-

152 1675 316 1712 rantur'
338 1674 603 1712 Burmannus.
664 1676 780 1712 coriti]
800 1675 836 1712 R
857 1676 1023 1711 coritium
1046 1685 1066 1714 ε
1143 1677 1339 1714 narcissum
1365 1678 1675 1725 Oudendorpius:

150 1732 205 1780 cf.
238 1731 335 1768 Ciris
364 1729 448 1769 370
477 1742 496 1768 e
525 1732 675 1781 Corycio
705 1733 957 1768 Burmannus
1075 1733 1214 1769 olentes
1237 1734 1287 1770 Rl
1396 1734 1502 1772 „134
1534 1746 1553 1771 e
1583 1748 1608 1770 a
1639 1740 1674 1771 ot

685 1791 700 1809 S

150 1821 190 1869 (i.
212 1833 245 1860 e.
275 1821 330 1868 ec)
362 1822 478 1859 BHR
493 1823 558 1860 Vle
644 1823 731 1859 misa
760 1823 804 1858 H
900 1821 978 1859 135
1010 1821 1089 1859 Huc·
1129 1823 1161 1859 V
1250 1825 1373 1871 precisi
1404 1826 1439 1862 R
1525 1821 1664 1861 redit*

163 1879 197 1915 V
219 1878 354 1914 reddit²
384 1889 404 1917 ε
490 1878 614 1915 imbris
644 1880 680 1916 R
798 1878 876 1915 137
908 1884 979 1914 tam
1010 1881 1163 1926 scripsi.
1195 1879 1244 1916 Te
1274 1880 1310 1915 B
1340 1881 1409 1917 Ter
1431 1888 1466 1927 ψ
1497 1887 1533 1917 et
1554 1881 1672 1918 Hein-

151 1937 231 1971 sius
344 1935 469 1983 pilium
490 1934 563 1972 BR
593 1935 725 1971 Peliam
756 1936 1010 1971 Burmannus
1038 1934 1129 1983 Pylii
1154 1935 1448 1983 Ouclendorpius
1477 1937 1673 1985 Phrygium

151 1990 220 2037 (sc.
251 1989 462 2038 Priamum)
502 1991 748 2028 Schrader-us
861 1990 974 2027 fluere
1016 1992 1048 2028 V
1169 1992 1246 2029 138
1278 1992 1518 2041 Dicebantque
1556 1999 1672 2030 tamen

151 2047 256 2084 HRoc
286 2046 454 2083 Dicebant
483 2052 601 2084 tamen
632 2048 728 2084 hunc
757 2053 792 2094 ψ
918 2046 996 2084 139
1028 2049 1153 2084 annosi
1183 2049 1244 2084 Bu
1275 2060 1409 2085 annosa
1440 2055 1474 2096 ψ
1573 2051 1674 2087 vicis-

946 2106 960 2124 S

151 2147 209 2173 ses
239 2137 482 2174 Ascensiana
514 2138 663 2174 uixisses
698 2138 770 2174 Βὶα
808 2138 975 2187 uixissem
1010 2138 1052 2173 H
1089 2138 1271 2175 uicsissem
1313 2139 1345 2176 V
1371 2140 1537 2176 uixissom
1570 2151 1589 2178 ε
1621 2142 1672 2177 ui-

150 2194 267 2230 xisem
298 2193 334 2230 R
439 2194 559 2244 secula
589 2195 624 2231 R
743 2193 824 2230 140
854 2193 1086 2241 Dispensante
1117 2204 1137 2232 ε
1249 2200 1356 2232 nente
1388 2196 1435 2237 B,
1467 2197 1568 2233 Leid.
1602 2197 1673 2234 ‘ab

152 2250 312 2287 Heinsio
342 2251 530 2287 collatus’
563 2255 657 2287 teste
687 2250 933 2294 Bur-manno,
968 2263 993 2285 α
1023 2261 1152 2299 nempe
1182 2257 1216 2297 ψ
1310 2251 1543 2300 Dispensanlo
1576 2282 1583 2289 .

152 2310 235 2342 neta
266 2306 480 2342 Salmasius
583 2305 659 2342 141
692 2305 767 2342 Nuc
797 2316 818 2355 ε
906 2306 1003 2354 quod
1034 2308 1122 2348 HR,
1157 2307 1336 2357 Scaliyer
1421 2309 1528 2345 tellus
1559 2323 1628 2347 om.
1652 2320 1672 2348 ε

239 2360 319 2398 144
350 2373 541 2410 numquam
572 2361 609 2410 (n
639 2362 726 2410 del.)
756 2362 802 2398 M
829 2373 983 2411 unquam
1014 2365 1049 2400 R
