<?xml version="1.0" encoding="UTF-8"?>
<!DOCTYPE html PUBLIC "-//W3C//DTD XHTML 1.0 Transitional//EN"
    "http://www.w3.org/TR/xhtml1/DTD/xhtml1-transitional.dtd">
<html xmlns="http://www.w3.org/1999/xhtml" xml:lang="en" lang="en">
 <head>
  <title>
</title>
<meta http-equiv="Content-Type" content="text/html;charset=utf-8" />
  <meta name='ocr-system' content='tesseract 3.04.00' />
  <meta name='ocr-capabilities' content='ocr_page ocr_carea ocr_par ocr_line ocrx_word'/>
</head>
<body>
  <div class='ocr_page' id='page_1' title='image "./operavirg04virguoft_0137.png"; bbox 0 0 1884 3126; ppageno 0'>
   <div class='ocr_carea' id='block_1_1' title="bbox 815 132 1638 175">
    <p class='ocr_par' dir='ltr' id='par_1_1' title="bbox 815 132 1638 175">
     <span class='ocr_line' id='line_1_1' title="bbox 815 132 1638 175; baseline 0 -2"><span class='ocrx_word' id='word_1_1' title='bbox 815 147 939 175; x_wconf 73' lang='lat' dir='ltr'>onus.</span> <span class='ocrx_word' id='word_1_2' title='bbox 1560 132 1638 173; x_wconf 82' lang='lat'>117</span> 
     </span>
    </p>
   </div>
   <div class='ocr_carea' id='block_1_2' title="bbox 227 253 1644 1709">
    <p class='ocr_par' dir='ltr' id='par_1_2' title="bbox 227 253 1644 1709">
     <span class='ocr_line' id='line_1_2' title="bbox 230 253 1644 313; baseline -0.004 -13"><span class='ocrx_word' id='word_1_3' title='bbox 230 260 296 300; x_wconf 79' lang='lat' dir='ltr'>sed</span> <span class='ocrx_word' id='word_1_4' title='bbox 329 261 450 313; x_wconf 78' lang='lat' dir='ltr'>patris</span> <span class='ocrx_word' id='word_1_5' title='bbox 482 258 667 299; x_wconf 91' lang='lat' dir='ltr'>incolumi</span> <span class='ocrx_word' id='word_1_6' title='bbox 698 260 828 312; x_wconf 88' lang='lat' dir='ltr'>potius</span> <span class='ocrx_word' id='word_1_7' title='bbox 858 257 1062 298; x_wconf 82' lang='lat' dir='ltr'>denubere</span> <span class='ocrx_word' id='word_1_8' title='bbox 1094 269 1218 308; x_wconf 87' lang='lat' dir='ltr'>regno</span> <span class='ocrx_word' id='word_1_9' title='bbox 1515 298 1518 299; x_wconf 16' lang='lat'><em>⁷</em></span> <span class='ocrx_word' id='word_1_10' title='bbox 1560 253 1644 297; x_wconf 62' lang='lat'>3:36</span> 
     </span>
     <span class='ocr_line' id='line_1_3' title="bbox 230 330 1476 386; baseline -0.002 -13"><span class='ocrx_word' id='word_1_11' title='bbox 230 339 346 384; x_wconf 82' lang='lat' dir='ltr'>atquc</span> <span class='ocrx_word' id='word_1_12' title='bbox 376 333 529 386; x_wconf 86' lang='lat' dir='ltr'>aliquos</span> <span class='ocrx_word' id='word_1_13' title='bbox 561 338 691 373; x_wconf 80' lang='lat' dir='ltr'>tamen</span> <span class='ocrx_word' id='word_1_14' title='bbox 723 345 811 373; x_wconf 83' lang='lat' dir='ltr'>esse</span> <span class='ocrx_word' id='word_1_15' title='bbox 843 331 937 371; x_wconf 86' lang='lat' dir='ltr'>velis</span> <span class='ocrx_word' id='word_1_16' title='bbox 969 331 1058 377; x_wconf 89' lang='lat' dir='ltr'>tibi,</span> <span class='ocrx_word' id='word_1_17' title='bbox 1091 330 1268 375; x_wconf 80' lang='lat' dir='ltr'>alumna,</span> <span class='ocrx_word' id='word_1_18' title='bbox 1302 336 1476 383; x_wconf 78' lang='lat' dir='ltr'>penates.</span> 
     </span>
     <span class='ocr_line' id='line_1_4' title="bbox 230 403 1305 458; baseline -0.003 -11"><span class='ocrx_word' id='word_1_19' title='bbox 230 409 305 447; x_wconf 85' lang='lat' dir='ltr'>hoc</span> <span class='ocrx_word' id='word_1_20' title='bbox 337 420 456 447; x_wconf 87' lang='lat' dir='ltr'>unum</span> <span class='ocrx_word' id='word_1_21' title='bbox 488 408 606 447; x_wconf 90' lang='lat' dir='ltr'>exitio</span> <span class='ocrx_word' id='word_1_22' title='bbox 637 407 751 446; x_wconf 89' lang='lat' dir='ltr'>docta</span> <span class='ocrx_word' id='word_1_23' title='bbox 782 412 899 457; x_wconf 86' lang='lat' dir='ltr'>atque</span> <span class='ocrx_word' id='word_1_24' title='bbox 931 411 1091 458; x_wconf 86' lang='lat' dir='ltr'>experta</span> <span class='ocrx_word' id='word_1_25' title='bbox 1123 403 1305 444; x_wconf 86' lang='lat' dir='ltr'>monebo.</span> 
     </span>
     <span class='ocr_line' id='line_1_5' title="bbox 230 480 1211 533; baseline -0.003 -13"><span class='ocrx_word' id='word_1_26' title='bbox 230 481 332 533; x_wconf 84' lang='lat' dir='ltr'>quod</span> <span class='ocrx_word' id='word_1_27' title='bbox 364 483 397 521; x_wconf 87' lang='lat' dir='ltr'>si</span> <span class='ocrx_word' id='word_1_28' title='bbox 429 494 507 521; x_wconf 90' lang='lat' dir='ltr'>non</span> <span class='ocrx_word' id='word_1_29' title='bbox 538 480 612 520; x_wconf 87' lang='lat' dir='ltr'>alia</span> <span class='ocrx_word' id='word_1_30' title='bbox 643 481 791 532; x_wconf 87' lang='lat' dir='ltr'>poteris</span> <span class='ocrx_word' id='word_1_31' title='bbox 822 480 975 519; x_wconf 89' lang='lat' dir='ltr'>ratione</span> <span class='ocrx_word' id='word_1_32' title='bbox 1005 483 1211 531; x_wconf 88' lang='lat' dir='ltr'>parentem</span> 
     </span>
     <span class='ocr_line' id='line_1_6' title="bbox 230 551 1427 607; baseline -0.004 -12"><span class='ocrx_word' id='word_1_33' title='bbox 230 557 388 595; x_wconf 86' lang='lat' dir='ltr'>flectere</span> <span class='ocrx_word' id='word_1_34' title='bbox 421 554 501 607; x_wconf 79' lang='lat' dir='ltr'>(sed</span> <span class='ocrx_word' id='word_1_35' title='bbox 532 555 699 607; x_wconf 83' lang='lat' dir='ltr'>poteris:</span> <span class='ocrx_word' id='word_1_36' title='bbox 733 553 823 604; x_wconf 89' lang='lat' dir='ltr'>quid</span> <span class='ocrx_word' id='word_1_37' title='bbox 857 554 960 593; x_wconf 87' lang='lat' dir='ltr'>enim</span> <span class='ocrx_word' id='word_1_38' title='bbox 991 565 1071 592; x_wconf 89' lang='lat' dir='ltr'>non</span> <span class='ocrx_word' id='word_1_39' title='bbox 1103 553 1216 591; x_wconf 88' lang='lat' dir='ltr'>unica</span> <span class='ocrx_word' id='word_1_40' title='bbox 1247 551 1427 602; x_wconf 76' lang='lat' dir='ltr'>possis?),</span> 
     </span>
     <span class='ocr_line' id='line_1_7' title="bbox 230 625 1639 681; baseline -0.003 -13"><span class='ocrx_word' id='word_1_41' title='bbox 230 634 321 668; x_wconf 89' lang='lat' dir='ltr'>tunc</span> <span class='ocrx_word' id='word_1_42' title='bbox 351 630 480 681; x_wconf 86' lang='lat' dir='ltr'>potius</span> <span class='ocrx_word' id='word_1_43' title='bbox 512 633 640 667; x_wconf 85' lang='lat' dir='ltr'>tamen</span> <span class='ocrx_word' id='word_1_44' title='bbox 673 629 766 671; x_wconf 88' lang='lat' dir='ltr'>ista,</span> <span class='ocrx_word' id='word_1_45' title='bbox 802 628 868 678; x_wconf 92' lang='lat' dir='ltr'>pio</span> <span class='ocrx_word' id='word_1_46' title='bbox 900 638 989 666; x_wconf 87' lang='lat' dir='ltr'>cum</span> <span class='ocrx_word' id='word_1_47' title='bbox 1021 627 1107 666; x_wconf 87' lang='lat' dir='ltr'>iure</span> <span class='ocrx_word' id='word_1_48' title='bbox 1138 625 1283 671; x_wconf 82' lang='lat' dir='ltr'>licebit,</span> <span class='ocrx_word' id='word_1_49' title='bbox 1560 627 1639 664; x_wconf 86' lang='lat'>335</span> 
     </span>
     <span class='ocr_line' id='line_1_8' title="bbox 229 698 1278 753; baseline -0.004 -11"><span class='ocrx_word' id='word_1_50' title='bbox 229 715 315 742; x_wconf 88' lang='lat' dir='ltr'>cum</span> <span class='ocrx_word' id='word_1_51' title='bbox 348 703 438 742; x_wconf 79' lang='lat' dir='ltr'>facti</span> <span class='ocrx_word' id='word_1_52' title='bbox 468 713 625 742; x_wconf 87' lang='lat' dir='ltr'>causam</span> <span class='ocrx_word' id='word_1_53' title='bbox 658 707 892 753; x_wconf 73' lang='lat' dir='ltr'>tempusque</span> <span class='ocrx_word' id='word_1_54' title='bbox 923 699 1070 739; x_wconf 87' lang='lat' dir='ltr'>doloris</span> <span class='ocrx_word' id='word_1_55' title='bbox 1101 698 1278 743; x_wconf 82' lang='lat' dir='ltr'>habebis,</span> 
     </span>
     <span class='ocr_line' id='line_1_9' title="bbox 229 773 1275 828; baseline -0.003 -13"><span class='ocrx_word' id='word_1_56' title='bbox 229 782 321 816; x_wconf 87' lang='lat' dir='ltr'>tunc</span> <span class='ocrx_word' id='word_1_57' title='bbox 350 777 479 828; x_wconf 90' lang='lat' dir='ltr'>potius</span> <span class='ocrx_word' id='word_1_58' title='bbox 509 779 646 814; x_wconf 89' lang='lat' dir='ltr'>conata</span> <span class='ocrx_word' id='word_1_59' title='bbox 679 780 741 814; x_wconf 90' lang='lat' dir='ltr'>tua</span> <span class='ocrx_word' id='word_1_60' title='bbox 773 778 890 825; x_wconf 86' lang='lat' dir='ltr'>atque</span> <span class='ocrx_word' id='word_1_61' title='bbox 920 775 1076 826; x_wconf 83' lang='lat' dir='ltr'>incepta</span> <span class='ocrx_word' id='word_1_62' title='bbox 1106 773 1275 817; x_wconf 81' lang='lat' dir='ltr'>referto;</span> 
     </span>
     <span class='ocr_line' id='line_1_10' title="bbox 228 846 1400 902; baseline -0.003 -13"><span class='ocrx_word' id='word_1_63' title='bbox 228 862 369 902; x_wconf 87' lang='lat' dir='ltr'>meque</span> <span class='ocrx_word' id='word_1_64' title='bbox 400 850 572 900; x_wconf 88' lang='lat' dir='ltr'>deosque</span> <span class='ocrx_word' id='word_1_65' title='bbox 604 848 672 888; x_wconf 86' lang='lat' dir='ltr'>tibi</span> <span class='ocrx_word' id='word_1_66' title='bbox 704 849 886 893; x_wconf 83' lang='lat' dir='ltr'>comiteS,</span> <span class='ocrx_word' id='word_1_67' title='bbox 918 860 1005 887; x_wconf 84' lang='lat' dir='ltr'>mea</span> <span class='ocrx_word' id='word_1_68' title='bbox 1038 846 1213 893; x_wconf 86' lang='lat' dir='ltr'>alumna,</span> <span class='ocrx_word' id='word_1_69' title='bbox 1246 847 1400 886; x_wconf 80' lang='lat' dir='ltr'>futuros</span> 
     </span>
     <span class='ocr_line' id='line_1_11' title="bbox 228 920 1377 976; baseline -0.003 -14"><span class='ocrx_word' id='word_1_70' title='bbox 228 922 434 976; x_wconf 88' lang='lat' dir='ltr'>polliceor:</span> <span class='ocrx_word' id='word_1_71' title='bbox 468 922 564 962; x_wconf 89' lang='lat' dir='ltr'>nihil</span> <span class='ocrx_word' id='word_1_72' title='bbox 596 927 665 968; x_wconf 89' lang='lat' dir='ltr'>est,</span> <span class='ocrx_word' id='word_1_73' title='bbox 699 921 801 972; x_wconf 87' lang='lat' dir='ltr'>quod</span> <span class='ocrx_word' id='word_1_74' title='bbox 833 922 962 961; x_wconf 84' lang='lat' dir='ltr'>texuis</span> <span class='ocrx_word' id='word_1_75' title='bbox 992 921 1151 966; x_wconf 84' lang='lat' dir='ltr'>ordine,</span> <span class='ocrx_word' id='word_1_76' title='bbox 1184 920 1377 972; x_wconf 77' lang='lat' dir='ltr'>longum&#39;</span> 
     </span>
     <span class='ocr_line' id='line_1_12' title="bbox 284 994 1641 1046; baseline -0.002 -10"><span class='ocrx_word' id='word_1_77' title='bbox 284 997 353 1037; x_wconf 90' lang='lat' dir='ltr'>His</span> <span class='ocrx_word' id='word_1_78' title='bbox 383 996 451 1036; x_wconf 88' lang='lat' dir='ltr'>ubi</span> <span class='ocrx_word' id='word_1_79' title='bbox 480 995 667 1035; x_wconf 88' lang='lat' dir='ltr'>sollicitos</span> <span class='ocrx_word' id='word_1_80' title='bbox 698 996 817 1035; x_wconf 86' lang='lat' dir='ltr'>animi</span> <span class='ocrx_word' id='word_1_81' title='bbox 848 994 1089 1035; x_wconf 83' lang='lat' dir='ltr'>relevaverat</span> <span class='ocrx_word' id='word_1_82' title='bbox 1119 999 1248 1034; x_wconf 87' lang='lat' dir='ltr'>aestus</span> <span class='ocrx_word' id='word_1_83' title='bbox 1465 1043 1469 1046; x_wconf 16' lang='grc' dir='ltr'><strong><em>Δ</em></strong></span> <span class='ocrx_word' id='word_1_84' title='bbox 1559 995 1641 1033; x_wconf 84' lang='grc'>340</span> 
     </span>
     <span class='ocr_line' id='line_1_13' title="bbox 230 1068 1282 1121; baseline -0.001 -13"><span class='ocrx_word' id='word_1_85' title='bbox 230 1070 389 1110; x_wconf 82' lang='lat' dir='ltr'>vocibus</span> <span class='ocrx_word' id='word_1_86' title='bbox 420 1076 458 1109; x_wconf 89' lang='lat' dir='ltr'>et</span> <span class='ocrx_word' id='word_1_87' title='bbox 489 1068 631 1109; x_wconf 89' lang='lat' dir='ltr'>blanda</span> <span class='ocrx_word' id='word_1_88' title='bbox 660 1074 797 1121; x_wconf 86' lang='lat' dir='ltr'>pectus</span> <span class='ocrx_word' id='word_1_89' title='bbox 827 1081 897 1120; x_wconf 89' lang='lat' dir='ltr'>spe</span> <span class='ocrx_word' id='word_1_90' title='bbox 928 1068 1076 1108; x_wconf 88' lang='lat' dir='ltr'>luserat</span> <span class='ocrx_word' id='word_1_91' title='bbox 1106 1079 1282 1118; x_wconf 83' lang='lat' dir='ltr'>aegrum,</span> 
     </span>
     <span class='ocr_line' id='line_1_14' title="bbox 230 1141 1255 1196; baseline -0.002 -14"><span class='ocrx_word' id='word_1_92' title='bbox 230 1143 414 1196; x_wconf 81' lang='lat' dir='ltr'>paulatim</span> <span class='ocrx_word' id='word_1_93' title='bbox 447 1143 706 1183; x_wconf 79' lang='lat' dir='ltr'>tremebunda</span> <span class='ocrx_word' id='word_1_94' title='bbox 736 1143 848 1194; x_wconf 83' lang='lat' dir='ltr'>genis</span> <span class='ocrx_word' id='word_1_95' title='bbox 878 1141 1078 1181; x_wconf 89' lang='lat' dir='ltr'>obducere</span> <span class='ocrx_word' id='word_1_96' title='bbox 1109 1146 1255 1181; x_wconf 85' lang='lat' dir='ltr'>vestem</span> 
     </span>
     <span class='ocr_line' id='line_1_15' title="bbox 230 1215 1277 1269; baseline -0.001 -14"><span class='ocrx_word' id='word_1_97' title='bbox 230 1218 390 1268; x_wconf 87' lang='lat' dir='ltr'>virginis</span> <span class='ocrx_word' id='word_1_98' title='bbox 422 1222 458 1256; x_wconf 85' lang='lat' dir='ltr'>et</span> <span class='ocrx_word' id='word_1_99' title='bbox 487 1216 680 1269; x_wconf 82' lang='lat' dir='ltr'>placidam</span> <span class='ocrx_word' id='word_1_100' title='bbox 713 1215 886 1255; x_wconf 88' lang='lat' dir='ltr'>tenebris</span> <span class='ocrx_word' id='word_1_101' title='bbox 917 1220 1075 1268; x_wconf 86' lang='lat' dir='ltr'>captare</span> <span class='ocrx_word' id='word_1_102' title='bbox 1106 1216 1277 1267; x_wconf 87' lang='lat' dir='ltr'>quietem</span> 
     </span>
     <span class='ocr_line' id='line_1_16' title="bbox 228 1288 1169 1340; baseline -0.002 -11"><span class='ocrx_word' id='word_1_103' title='bbox 228 1292 383 1330; x_wconf 85' lang='lat' dir='ltr'>inverso</span> <span class='ocrx_word' id='word_1_104' title='bbox 414 1289 590 1329; x_wconf 90' lang='lat' dir='ltr'>bibulum</span> <span class='ocrx_word' id='word_1_105' title='bbox 620 1290 872 1340; x_wconf 83' lang='lat' dir='ltr'>restinguens</span> <span class='ocrx_word' id='word_1_106' title='bbox 902 1288 1037 1329; x_wconf 89' lang='lat' dir='ltr'>lumen</span> <span class='ocrx_word' id='word_1_107' title='bbox 1067 1288 1169 1328; x_wconf 85' lang='lat' dir='ltr'>olivo</span> 
     </span>
     <span class='ocr_line' id='line_1_17' title="bbox 227 1362 1637 1416; baseline -0.001 -14"><span class='ocrx_word' id='word_1_108' title='bbox 227 1364 366 1416; x_wconf 82' lang='lat' dir='ltr'>incipit</span> <span class='ocrx_word' id='word_1_109' title='bbox 395 1363 442 1402; x_wconf 87' lang='lat' dir='ltr'>ad</span> <span class='ocrx_word' id='word_1_110' title='bbox 473 1362 715 1415; x_wconf 89' lang='lat' dir='ltr'>crebrosque</span> <span class='ocrx_word' id='word_1_111' title='bbox 745 1363 873 1402; x_wconf 86' lang='lat' dir='ltr'>insani</span> <span class='ocrx_word' id='word_1_112' title='bbox 903 1363 1075 1415; x_wconf 83' lang='lat' dir='ltr'>pectoris</span> <span class='ocrx_word' id='word_1_113' title='bbox 1105 1363 1206 1402; x_wconf 87' lang='lat' dir='ltr'>ictus</span> <span class='ocrx_word' id='word_1_114' title='bbox 1557 1363 1637 1401; x_wconf 75' lang='lat'><strong>345</strong></span> 
     </span>
     <span class='ocr_line' id='line_1_18' title="bbox 227 1434 1462 1487; baseline -0.002 -11"><span class='ocrx_word' id='word_1_115' title='bbox 227 1438 331 1476; x_wconf 81' lang='lat' dir='ltr'>serre</span> <span class='ocrx_word' id='word_1_116' title='bbox 363 1449 532 1481; x_wconf 87' lang='lat' dir='ltr'>manum,</span> <span class='ocrx_word' id='word_1_117' title='bbox 565 1436 728 1476; x_wconf 82' lang='lat' dir='ltr'>assiduis</span> <span class='ocrx_word' id='word_1_118' title='bbox 759 1435 936 1476; x_wconf 89' lang='lat' dir='ltr'>mulcens</span> <span class='ocrx_word' id='word_1_119' title='bbox 968 1435 1199 1487; x_wconf 85' lang='lat' dir='ltr'>praecordia</span> <span class='ocrx_word' id='word_1_120' title='bbox 1230 1434 1383 1487; x_wconf 86' lang='lat' dir='ltr'>palmis.</span> <span class='ocrx_word' id='word_1_121' title='bbox 1457 1443 1462 1447; x_wconf 85' lang='lat'>&#39;</span> 
     </span>
     <span class='ocr_line' id='line_1_19' title="bbox 228 1508 1379 1562; baseline -0.002 -12"><span class='ocrx_word' id='word_1_122' title='bbox 228 1514 383 1550; x_wconf 84' lang='lat' dir='ltr'>noctem</span> <span class='ocrx_word' id='word_1_123' title='bbox 413 1509 518 1549; x_wconf 87' lang='lat' dir='ltr'>illam</span> <span class='ocrx_word' id='word_1_124' title='bbox 549 1510 604 1549; x_wconf 89' lang='lat' dir='ltr'>sic</span> <span class='ocrx_word' id='word_1_125' title='bbox 636 1515 782 1550; x_wconf 87' lang='lat' dir='ltr'>maesta</span> <span class='ocrx_word' id='word_1_126' title='bbox 812 1521 932 1562; x_wconf 88' lang='lat' dir='ltr'>super</span> <span class='ocrx_word' id='word_1_127' title='bbox 963 1510 1168 1549; x_wconf 83' lang='lat' dir='ltr'>morientis</span> <span class='ocrx_word' id='word_1_128' title='bbox 1198 1508 1379 1548; x_wconf 80' lang='lat' dir='ltr'>alumnae</span> 
     </span>
     <span class='ocr_line' id='line_1_20' title="bbox 227 1580 1202 1636; baseline -0.002 -13"><span class='ocrx_word' id='word_1_129' title='bbox 227 1583 432 1635; x_wconf 78' lang='lat' dir='ltr'>frigidulos</span> <span class='ocrx_word' id='word_1_130' title='bbox 463 1583 596 1623; x_wconf 87' lang='lat' dir='ltr'>cubito</span> <span class='ocrx_word' id='word_1_131' title='bbox 628 1582 794 1623; x_wconf 79' lang='lat' dir='ltr'>subnixa</span> <span class='ocrx_word' id='word_1_132' title='bbox 825 1582 1014 1636; x_wconf 87' lang='lat' dir='ltr'>pependit</span> <span class='ocrx_word' id='word_1_133' title='bbox 1043 1580 1202 1623; x_wconf 85' lang='lat' dir='ltr'>ocellos.</span> 
     </span>
     <span class='ocr_line' id='line_1_21' title="bbox 227 1655 1281 1709; baseline -0.002 -13"><span class='ocrx_word' id='word_1_134' title='bbox 227 1662 382 1709; x_wconf 87' lang='lat' dir='ltr'>postera</span> <span class='ocrx_word' id='word_1_135' title='bbox 413 1655 479 1696; x_wconf 90' lang='lat' dir='ltr'>lux</span> <span class='ocrx_word' id='word_1_136' title='bbox 510 1656 575 1696; x_wconf 88' lang='lat' dir='ltr'>ubi</span> <span class='ocrx_word' id='word_1_137' title='bbox 607 1656 706 1696; x_wconf 84' lang='lat' dir='ltr'>laeta</span> <span class='ocrx_word' id='word_1_138' title='bbox 739 1657 842 1696; x_wconf 89' lang='lat' dir='ltr'>diem</span> <span class='ocrx_word' id='word_1_139' title='bbox 873 1655 1105 1696; x_wconf 82' lang='lat' dir='ltr'>mortalibus</span> <span class='ocrx_word' id='word_1_140' title='bbox 1135 1655 1281 1696; x_wconf 89' lang='lat' dir='ltr'>almum</span> 
     </span>
    </p>
   </div>
   <div class='ocr_carea' id='block_1_3' title="bbox 275 1731 384 1734">
    <p class='ocr_par' dir='ltr' id='par_1_3' title="bbox 275 1731 384 1734">
     <span class='ocr_line' id='line_1_22' title="bbox 275 1731 384 1734; baseline 0 0"><span class='ocrx_word' id='word_1_141' title='bbox 275 1731 384 1734; x_wconf 95' lang='lat' dir='ltr'> </span> 
     </span>
    </p>
   </div>
   <div class='ocr_carea' id='block_1_4' title="bbox 115 1732 1639 1804">
    <p class='ocr_par' dir='ltr' id='par_1_4' title="bbox 115 1732 1639 1804">
     <span class='ocr_line' id='line_1_23' title="bbox 115 1732 1639 1804; baseline 0 -13"><span class='ocrx_word' id='word_1_142' title='bbox 115 1732 269 1794; x_wconf 70' lang='lat' dir='ltr'>HLRe—</span> <span class='ocrx_word' id='word_1_143' title='bbox 333 1766 450 1804; x_wconf 86' lang='lat' dir='ltr'>neque</span> <span class='ocrx_word' id='word_1_144' title='bbox 479 1756 532 1794; x_wconf 86' lang='lat' dir='ltr'>Le</span> <span class='ocrx_word' id='word_1_145' title='bbox 563 1766 629 1791; x_wconf 86' lang='lat' dir='ltr'>nec</span> <span class='ocrx_word' id='word_1_146' title='bbox 659 1754 763 1792; x_wconf 75' lang='lat' dir='ltr'><em>HRa</em></span> <span class='ocrx_word' id='word_1_147' title='bbox 851 1761 907 1791; x_wconf 83' lang='lat' dir='ltr'>est</span> <span class='ocrx_word' id='word_1_148' title='bbox 936 1768 961 1791; x_wconf 83' lang='grc' dir='ltr'>α</span> <span class='ocrx_word' id='word_1_149' title='bbox 991 1756 1039 1791; x_wconf 89' lang='lat' dir='ltr'>sit</span> <span class='ocrx_word' id='word_1_150' title='bbox 1067 1755 1199 1793; x_wconf 81' lang='lat' dir='ltr'>HLRe</span> <span class='ocrx_word' id='word_1_151' title='bbox 1287 1754 1353 1791; x_wconf 82' lang='lat' dir='ltr'>(liis</span> <span class='ocrx_word' id='word_1_152' title='bbox 1375 1755 1465 1793; x_wconf 90' lang='lat' dir='ltr'>LRe</span> <span class='ocrx_word' id='word_1_153' title='bbox 1553 1766 1639 1792; x_wconf 87' lang='lat' dir='ltr'>con-</span> 
     </span>
    </p>
   </div>
   <div class='ocr_carea' id='block_1_5' title="bbox 114 1822 1639 2793">
    <p class='ocr_par' dir='ltr' id='par_1_5' title="bbox 114 1822 1639 2793">
     <span class='ocr_line' id='line_1_24' title="bbox 114 1822 1639 1896; baseline -0.001 -13"><span class='ocrx_word' id='word_1_154' title='bbox 114 1846 241 1883; x_wconf 83' lang='lat' dir='ltr'>cedere</span> <span class='ocrx_word' id='word_1_155' title='bbox 272 1847 314 1882; x_wconf 91' lang='lat' dir='ltr'><em>H</em></span> <span class='ocrx_word' id='word_1_156' title='bbox 342 1858 388 1882; x_wconf 90' lang='lat' dir='ltr'>m.</span> <span class='ocrx_word' id='word_1_157' title='bbox 423 1846 442 1882; x_wconf 93' lang='lat'><strong>1</strong></span> <span class='ocrx_word' id='word_1_158' title='bbox 562 1845 644 1883; x_wconf 87' lang='grc'>330</span> <span class='ocrx_word' id='word_1_159' title='bbox 674 1845 855 1882; x_wconf 87' lang='lat' dir='ltr'>denubere</span> <span class='ocrx_word' id='word_1_160' title='bbox 885 1847 920 1883; x_wconf 90' lang='lat' dir='ltr'><em>R</em></span> <span class='ocrx_word' id='word_1_161' title='bbox 952 1822 1133 1896; x_wconf 46' lang='lat' dir='ltr'>denubere</span> <span class='ocrx_word' id='word_1_162' title='bbox 1172 1844 1292 1891; x_wconf 82' lang='lat' dir='ltr'>(corr.</span> <span class='ocrx_word' id='word_1_163' title='bbox 1324 1857 1370 1881; x_wconf 88' lang='lat' dir='ltr'>m.</span> <span class='ocrx_word' id='word_1_164' title='bbox 1405 1844 1501 1892; x_wconf 83' lang='lat' dir='ltr'>rec.)</span> <span class='ocrx_word' id='word_1_165' title='bbox 1533 1846 1571 1882; x_wconf 99' lang='lat' dir='ltr'><em>H</em></span> <span class='ocrx_word' id='word_1_166' title='bbox 1605 1851 1639 1881; x_wconf 88' lang='lat' dir='ltr'>te</span> 
     </span>
     <span class='ocr_line' id='line_1_25' title="bbox 115 1901 1638 1950; baseline -0.001 -11"><span class='ocrx_word' id='word_1_167' title='bbox 115 1902 250 1939; x_wconf 84' lang='lat' dir='ltr'>nubere</span> <span class='ocrx_word' id='word_1_168' title='bbox 282 1903 361 1940; x_wconf 72' lang='lat' dir='ltr'>Lea</span> <span class='ocrx_word' id='word_1_169' title='bbox 476 1902 554 1939; x_wconf 89' lang='lat'>331</span> <span class='ocrx_word' id='word_1_170' title='bbox 588 1902 697 1950; x_wconf 37' lang='lat' dir='ltr'>velim,</span> <span class='ocrx_word' id='word_1_171' title='bbox 722 1905 781 1939; x_wconf 79' lang='lat' dir='ltr'>vir</span> <span class='ocrx_word' id='word_1_172' title='bbox 810 1904 945 1939; x_wconf 79' lang='lat' dir='ltr'>doctus</span> <span class='ocrx_word' id='word_1_173' title='bbox 974 1906 1012 1940; x_wconf 79' lang='lat' dir='ltr'>in</span> <span class='ocrx_word' id='word_1_174' title='bbox 1043 1904 1148 1939; x_wconf 79' lang='lat' dir='ltr'>mise.</span> <span class='ocrx_word' id='word_1_175' title='bbox 1183 1903 1281 1939; x_wconf 85' lang='lat' dir='ltr'>obss.</span> <span class='ocrx_word' id='word_1_176' title='bbox 1313 1901 1356 1937; x_wconf 88' lang='lat' dir='ltr'>IV</span> <span class='ocrx_word' id='word_1_177' title='bbox 1388 1902 1468 1939; x_wconf 85' lang='lat'>327</span> <span class='ocrx_word' id='word_1_178' title='bbox 1564 1902 1638 1938; x_wconf 86' lang='lat' dir='ltr'>alu-</span> 
     </span>
     <span class='ocr_line' id='line_1_26' title="bbox 116 1958 1637 2010; baseline -0.001 -15"><span class='ocrx_word' id='word_1_179' title='bbox 116 1970 169 1995; x_wconf 81' lang='lat' dir='ltr'>ma</span> <span class='ocrx_word' id='word_1_180' title='bbox 198 1960 234 1995; x_wconf 87' lang='lat' dir='ltr'><em>R</em></span> <span class='ocrx_word' id='word_1_181' title='bbox 359 1958 439 1995; x_wconf 85' lang='lat'><strong>332</strong></span> <span class='ocrx_word' id='word_1_182' title='bbox 471 1959 582 1994; x_wconf 82' lang='lat' dir='ltr'>exicio</span> <span class='ocrx_word' id='word_1_183' title='bbox 614 1959 656 1994; x_wconf 89' lang='lat' dir='ltr'><em>H</em></span> <span class='ocrx_word' id='word_1_184' title='bbox 683 1959 831 1994; x_wconf 74' lang='lat' dir='ltr'>exitium</span> <span class='ocrx_word' id='word_1_185' title='bbox 862 1959 891 1995; x_wconf 90' lang='lat' dir='ltr'><em>L</em></span> <span class='ocrx_word' id='word_1_186' title='bbox 1004 1958 1107 2010; x_wconf 33' lang='lat'><strong>1333</strong></span> <span class='ocrx_word' id='word_1_187' title='bbox 1139 1958 1255 2006; x_wconf 84' lang='lat' dir='ltr'>aliqua</span> <span class='ocrx_word' id='word_1_188' title='bbox 1294 1960 1351 1995; x_wconf 82' lang='lat' dir='ltr'>vel</span> <span class='ocrx_word' id='word_1_189' title='bbox 1390 1958 1461 1994; x_wconf 88' lang='lat' dir='ltr'>ulla</span> <span class='ocrx_word' id='word_1_190' title='bbox 1493 1959 1637 1995; x_wconf 78' lang='lat' dir='ltr'>Schra-</span> 
     </span>
     <span class='ocr_line' id='line_1_27' title="bbox 115 2013 1638 2053; baseline -0.001 -2"><span class='ocrx_word' id='word_1_191' title='bbox 115 2017 233 2051; x_wconf 69' lang='lat' dir='ltr'>(ierus</span> <span class='ocrx_word' id='word_1_192' title='bbox 361 2013 441 2051; x_wconf 87' lang='lat'>334</span> <span class='ocrx_word' id='word_1_193' title='bbox 473 2025 544 2050; x_wconf 90' lang='lat' dir='ltr'>non</span> <span class='ocrx_word' id='word_1_194' title='bbox 575 2015 638 2051; x_wconf 79' lang='lat' dir='ltr'>Ra</span> <span class='ocrx_word' id='word_1_195' title='bbox 675 2015 743 2050; x_wconf 90' lang='lat' dir='ltr'>nisi</span> <span class='ocrx_word' id='word_1_196' title='bbox 773 2015 866 2053; x_wconf 87' lang='lat' dir='ltr'>HLe</span> <span class='ocrx_word' id='word_1_197' title='bbox 1001 2015 1080 2052; x_wconf 89' lang='grc'>335</span> <span class='ocrx_word' id='word_1_198' title='bbox 1112 2015 1213 2050; x_wconf 87' lang='lat' dir='ltr'>Tunc</span> <span class='ocrx_word' id='word_1_199' title='bbox 1243 2014 1365 2052; x_wconf 71' lang='lat' dir='ltr'>HLc-:a</span> <span class='ocrx_word' id='word_1_200' title='bbox 1402 2014 1456 2049; x_wconf 75' lang='lat' dir='ltr'>&#39;l&#39;u</span> <span class='ocrx_word' id='word_1_201' title='bbox 1487 2015 1522 2051; x_wconf 87' lang='lat' dir='ltr'><em>R</em></span> <span class='ocrx_word' id='word_1_202' title='bbox 1563 2020 1638 2051; x_wconf 88' lang='lat' dir='ltr'>tum</span> 
     </span>
     <span class='ocr_line' id='line_1_28' title="bbox 116 2071 1638 2118; baseline -0.001 -11"><span class='ocrx_word' id='word_1_203' title='bbox 116 2071 314 2117; x_wconf 71' lang='lat' dir='ltr'>Hauptius</span> <span class='ocrx_word' id='word_1_204' title='bbox 391 2076 508 2107; x_wconf 84' lang='lat' dir='ltr'>tamen</span> <span class='ocrx_word' id='word_1_205' title='bbox 538 2071 605 2107; x_wconf 87' lang='lat' dir='ltr'>ista</span> <span class='ocrx_word' id='word_1_206' title='bbox 635 2073 693 2107; x_wconf 81' lang='lat' dir='ltr'>vir</span> <span class='ocrx_word' id='word_1_207' title='bbox 722 2073 857 2108; x_wconf 80' lang='lat' dir='ltr'>doctus</span> <span class='ocrx_word' id='word_1_208' title='bbox 886 2074 991 2108; x_wconf 83' lang='lat' dir='ltr'>misc.</span> <span class='ocrx_word' id='word_1_209' title='bbox 1025 2072 1122 2108; x_wconf 83' lang='lat' dir='ltr'>obss.</span> <span class='ocrx_word' id='word_1_210' title='bbox 1155 2072 1180 2107; x_wconf 88' lang='lat' dir='ltr'>l.</span> <span class='ocrx_word' id='word_1_211' title='bbox 1203 2072 1229 2107; x_wconf 92' lang='lat' dir='ltr'>l.</span> <span class='ocrx_word' id='word_1_212' title='bbox 1263 2076 1382 2106; x_wconf 88' lang='lat' dir='ltr'>tamen</span> <span class='ocrx_word' id='word_1_213' title='bbox 1412 2071 1488 2118; x_wconf 88' lang='lat' dir='ltr'>ipsa</span> <span class='ocrx_word' id='word_1_214' title='bbox 1520 2072 1638 2108; x_wconf 75' lang='lat' dir='ltr'>LRea</span> 
     </span>
     <span class='ocr_line' id='line_1_29' title="bbox 116 2123 1638 2175; baseline 0.001 -12"><span class='ocrx_word' id='word_1_215' title='bbox 116 2125 176 2175; x_wconf 56' lang='lat' dir='ltr'>ip‘a*</span> <span class='ocrx_word' id='word_1_216' title='bbox 205 2123 254 2163; x_wconf 62' lang='grc' dir='ltr'>[ᾗ</span> <span class='ocrx_word' id='word_1_217' title='bbox 284 2127 326 2163; x_wconf 87' lang='lat' dir='ltr'><em>H</em></span> <span class='ocrx_word' id='word_1_218' title='bbox 484 2128 562 2163; x_wconf 83' lang='lat' dir='ltr'>iura</span> <span class='ocrx_word' id='word_1_219' title='bbox 592 2126 636 2162; x_wconf 98' lang='lat' dir='ltr'><em>H</em></span> <span class='ocrx_word' id='word_1_220' title='bbox 661 2140 707 2163; x_wconf 89' lang='lat' dir='ltr'>m.</span> <span class='ocrx_word' id='word_1_221' title='bbox 743 2128 764 2163; x_wconf 95' lang='lat'><strong>1</strong></span> <span class='ocrx_word' id='word_1_222' title='bbox 931 2128 1010 2165; x_wconf 91' lang='lat'>337</span> <span class='ocrx_word' id='word_1_223' title='bbox 1042 2133 1118 2163; x_wconf 86' lang='lat' dir='ltr'>tum</span> <span class='ocrx_word' id='word_1_224' title='bbox 1151 2126 1348 2173; x_wconf 75' lang='lat' dir='ltr'>Hauptius</span> <span class='ocrx_word' id='word_1_225' title='bbox 1491 2132 1554 2163; x_wconf 88' lang='lat' dir='ltr'>tuo</span> <span class='ocrx_word' id='word_1_226' title='bbox 1585 2128 1638 2165; x_wconf 98' lang='lat' dir='ltr'>Le</span> 
     </span>
     <span class='ocr_line' id='line_1_30' title="bbox 200 2179 1636 2232; baseline 0 -12"><span class='ocrx_word' id='word_1_227' title='bbox 200 2184 340 2231; x_wconf 87' lang='lat' dir='ltr'>incepta</span> <span class='ocrx_word' id='word_1_228' title='bbox 369 2196 394 2219; x_wconf 84' lang='grc' dir='ltr'>α</span> <span class='ocrx_word' id='word_1_229' title='bbox 425 2182 497 2230; x_wconf 78' lang='lat' dir='ltr'>(ed.</span> <span class='ocrx_word' id='word_1_230' title='bbox 525 2195 587 2230; x_wconf 83' lang='lat' dir='ltr'>pr.</span> <span class='ocrx_word' id='word_1_231' title='bbox 621 2188 715 2220; x_wconf 78' lang='lat' dir='ltr'>teste</span> <span class='ocrx_word' id='word_1_232' title='bbox 747 2183 904 2232; x_wconf 73' lang='lat' dir='ltr'>Silliyio)</span> <span class='ocrx_word' id='word_1_233' title='bbox 936 2185 1071 2220; x_wconf 88' lang='lat' dir='ltr'>incerta</span> <span class='ocrx_word' id='word_1_234' title='bbox 1102 2179 1287 2220; x_wconf 82' lang='lat' dir='ltr'>HLReoe¹</span> <span class='ocrx_word' id='word_1_235' title='bbox 1423 2183 1504 2220; x_wconf 88' lang='lat'>338</span> <span class='ocrx_word' id='word_1_236' title='bbox 1536 2182 1636 2224; x_wconf 85' lang='lat' dir='ltr'>deos,</span> 
     </span>
     <span class='ocr_line' id='line_1_31' title="bbox 117 2240 1634 2287; baseline 0 -11"><span class='ocrx_word' id='word_1_237' title='bbox 117 2252 186 2276; x_wconf 78' lang='lat' dir='ltr'>om.</span> <span class='ocrx_word' id='word_1_238' title='bbox 219 2250 289 2287; x_wconf 91' lang='lat' dir='ltr'>que</span> <span class='ocrx_word' id='word_1_239' title='bbox 319 2241 354 2276; x_wconf 92' lang='lat' dir='ltr'><em>R</em></span> <span class='ocrx_word' id='word_1_240' title='bbox 470 2240 550 2276; x_wconf 88' lang='lat'>339</span> <span class='ocrx_word' id='word_1_241' title='bbox 583 2241 698 2276; x_wconf 83' lang='lat' dir='ltr'>texuis</span> <span class='ocrx_word' id='word_1_242' title='bbox 729 2242 882 2286; x_wconf 79' lang='lat' dir='ltr'>scripsi.</span> <span class='ocrx_word' id='word_1_243' title='bbox 903 2241 1048 2276; x_wconf 71' lang='lat' dir='ltr'>=texuit</span> <span class='ocrx_word' id='word_1_244' title='bbox 1079 2240 1155 2276; x_wconf 88' lang='lat' dir='ltr'>HR</span> <span class='ocrx_word' id='word_1_245' title='bbox 1188 2244 1284 2275; x_wconf 84' lang='lat' dir='ltr'>texas</span> <span class='ocrx_word' id='word_1_246' title='bbox 1314 2251 1340 2274; x_wconf 80' lang='grc' dir='ltr'>α</span> <span class='ocrx_word' id='word_1_247' title='bbox 1372 2243 1467 2275; x_wconf 85' lang='lat' dir='ltr'>texat</span> <span class='ocrx_word' id='word_1_248' title='bbox 1497 2240 1549 2277; x_wconf 88' lang='lat' dir='ltr'>Le</span> <span class='ocrx_word' id='word_1_249' title='bbox 1581 2240 1634 2287; x_wconf 85' lang='lat' dir='ltr'>cf.</span> 
     </span>
     <span class='ocr_line' id='line_1_32' title="bbox 120 2294 1638 2342; baseline -0.001 -10"><span class='ocrx_word' id='word_1_250' title='bbox 120 2296 292 2332; x_wconf 78' lang='lat' dir='ltr'>Naelcius</span> <span class='ocrx_word' id='word_1_251' title='bbox 323 2296 404 2332; x_wconf 81' lang='lat' dir='ltr'>Cal.</span> <span class='ocrx_word' id='word_1_252' title='bbox 439 2307 482 2342; x_wconf 81' lang='lat' dir='ltr'>p.</span> <span class='ocrx_word' id='word_1_253' title='bbox 518 2295 596 2332; x_wconf 92' lang='lat'><strong>137</strong></span> <span class='ocrx_word' id='word_1_254' title='bbox 696 2296 731 2330; x_wconf 90' lang='lat' dir='ltr'>in</span> <span class='ocrx_word' id='word_1_255' title='bbox 763 2295 888 2331; x_wconf 88' lang='lat' dir='ltr'>ordine</span> <span class='ocrx_word' id='word_1_256' title='bbox 918 2296 971 2333; x_wconf 83' lang='lat' dir='ltr'>Le</span> <span class='ocrx_word' id='word_1_257' title='bbox 1107 2295 1189 2332; x_wconf 88' lang='grc'><strong><em>340</em></strong></span> <span class='ocrx_word' id='word_1_258' title='bbox 1219 2295 1272 2331; x_wconf 92' lang='lat' dir='ltr'>his</span> <span class='ocrx_word' id='word_1_259' title='bbox 1303 2307 1329 2330; x_wconf 82' lang='grc' dir='ltr'>α</span> <span class='ocrx_word' id='word_1_260' title='bbox 1360 2294 1424 2331; x_wconf 87' lang='lat' dir='ltr'>Hic</span> <span class='ocrx_word' id='word_1_261' title='bbox 1453 2295 1530 2333; x_wconf 87' lang='lat' dir='ltr'><em>HR</em></span> <span class='ocrx_word' id='word_1_262' title='bbox 1562 2295 1638 2332; x_wconf 87' lang='lat' dir='ltr'>Hoc</span> 
     </span>
     <span class='ocr_line' id='line_1_33' title="bbox 121 2347 1635 2400; baseline 0.001 -13"><span class='ocrx_word' id='word_1_263' title='bbox 121 2353 172 2389; x_wconf 86' lang='lat' dir='ltr'>Le</span> <span class='ocrx_word' id='word_1_264' title='bbox 273 2347 350 2400; x_wconf 91' lang='lat' dir='ltr'>ubi]</span> <span class='ocrx_word' id='word_1_265' title='bbox 385 2350 447 2386; x_wconf 89' lang='lat' dir='ltr'>tibi</span> <span class='ocrx_word' id='word_1_266' title='bbox 477 2352 529 2388; x_wconf 89' lang='lat' dir='ltr'>Le</span> <span class='ocrx_word' id='word_1_267' title='bbox 634 2351 794 2387; x_wconf 88' lang='lat' dir='ltr'>solicitos</span> <span class='ocrx_word' id='word_1_268' title='bbox 826 2352 861 2388; x_wconf 88' lang='lat' dir='ltr'><em>R</em></span> <span class='ocrx_word' id='word_1_269' title='bbox 892 2351 1069 2388; x_wconf 87' lang='lat' dir='ltr'>sollicitus</span> <span class='ocrx_word' id='word_1_270' title='bbox 1100 2351 1194 2389; x_wconf 86' lang='lat' dir='ltr'>HLe</span> <span class='ocrx_word' id='word_1_271' title='bbox 1300 2350 1542 2393; x_wconf 82' lang='lat' dir='ltr'>reuelauerat,</span> <span class='ocrx_word' id='word_1_272' title='bbox 1573 2363 1635 2389; x_wconf 82' lang='lat' dir='ltr'>su-</span> 
     </span>
     <span class='ocr_line' id='line_1_34' title="bbox 115 2406 1524 2454; baseline 0.002 -11"><span class='ocrx_word' id='word_1_273' title='bbox 115 2418 275 2454; x_wconf 78' lang='lat' dir='ltr'>prascr.</span> <span class='ocrx_word' id='word_1_274' title='bbox 316 2419 363 2442; x_wconf 90' lang='lat' dir='ltr'>m.</span> <span class='ocrx_word' id='word_1_275' title='bbox 404 2417 483 2442; x_wconf 83' lang='lat' dir='ltr'>rec.</span> <span class='ocrx_word' id='word_1_276' title='bbox 530 2407 753 2443; x_wconf 85' lang='lat' dir='ltr'>relaueuerat</span> <span class='ocrx_word' id='word_1_277' title='bbox 789 2406 873 2454; x_wconf 84' lang='lat' dir='ltr'>(sic)</span> <span class='ocrx_word' id='word_1_278' title='bbox 910 2408 951 2444; x_wconf 89' lang='lat' dir='ltr'><em>H</em></span> <span class='ocrx_word' id='word_1_279' title='bbox 986 2407 1170 2444; x_wconf 83' lang='lat' dir='ltr'>uelauerat</span> <span class='ocrx_word' id='word_1_280' title='bbox 1198 2409 1252 2446; x_wconf 87' lang='lat' dir='ltr'>Le</span> <span class='ocrx_word' id='word_1_281' title='bbox 1357 2412 1458 2444; x_wconf 89' lang='lat' dir='ltr'>estus</span> <span class='ocrx_word' id='word_1_282' title='bbox 1488 2409 1524 2446; x_wconf 90' lang='lat' dir='ltr'><em>R</em></span> 
     </span>
     <span class='ocr_line' id='line_1_35' title="bbox 122 2462 1637 2513; baseline 0.001 -13"><span class='ocrx_word' id='word_1_283' title='bbox 122 2463 200 2500; x_wconf 93' lang='lat'>341</span> <span class='ocrx_word' id='word_1_284' title='bbox 233 2474 297 2511; x_wconf 84' lang='lat' dir='ltr'>spe</span> <span class='ocrx_word' id='word_1_285' title='bbox 328 2475 397 2499; x_wconf 85' lang='lat' dir='ltr'>om.</span> <span class='ocrx_word' id='word_1_286' title='bbox 420 2464 462 2499; x_wconf 89' lang='lat' dir='ltr'><em>H</em></span> <span class='ocrx_word' id='word_1_287' title='bbox 489 2473 589 2511; x_wconf 91' lang='lat' dir='ltr'>spem</span> <span class='ocrx_word' id='word_1_288' title='bbox 610 2472 630 2500; x_wconf 89' lang='lat' dir='ltr'>e</span> <span class='ocrx_word' id='word_1_289' title='bbox 716 2462 851 2500; x_wconf 83' lang='lat' dir='ltr'>luserat</span> <span class='ocrx_word' id='word_1_290' title='bbox 882 2469 922 2500; x_wconf 82' lang='lat' dir='ltr'>ul</span> <span class='ocrx_word' id='word_1_291' title='bbox 952 2466 1094 2511; x_wconf 82' lang='lat' dir='ltr'>scripsi</span> <span class='ocrx_word' id='word_1_292' title='bbox 1120 2476 1162 2510; x_wconf 82' lang='grc' dir='ltr'>α,</span> <span class='ocrx_word' id='word_1_293' title='bbox 1197 2467 1272 2501; x_wconf 84' lang='lat' dir='ltr'>nisi</span> <span class='ocrx_word' id='word_1_294' title='bbox 1300 2466 1393 2512; x_wconf 79' lang='lat' dir='ltr'>quid</span> <span class='ocrx_word' id='word_1_295' title='bbox 1417 2464 1518 2513; x_wconf 74' lang='lat' dir='ltr'>fuyit</span> <span class='ocrx_word' id='word_1_296' title='bbox 1549 2477 1637 2502; x_wconf 81' lang='lat' dir='ltr'>ocu-</span> 
     </span>
     <span class='ocr_line' id='line_1_36' title="bbox 120 2517 1635 2566; baseline 0.001 -9"><span class='ocrx_word' id='word_1_297' title='bbox 120 2523 189 2557; x_wconf 83' lang='lat' dir='ltr'>los.</span> <span class='ocrx_word' id='word_1_298' title='bbox 228 2521 380 2556; x_wconf 86' lang='lat' dir='ltr'>iusserat</span> <span class='ocrx_word' id='word_1_299' title='bbox 411 2517 445 2565; x_wconf 80' lang='lat' dir='ltr'>(i.</span> <span class='ocrx_word' id='word_1_300' title='bbox 479 2531 511 2555; x_wconf 76' lang='lat' dir='ltr'>e.</span> <span class='ocrx_word' id='word_1_301' title='bbox 552 2519 719 2566; x_wconf 81' lang='lat' dir='ltr'>Iusserat)</span> <span class='ocrx_word' id='word_1_302' title='bbox 751 2521 785 2556; x_wconf 91' lang='lat' dir='ltr'><em>R</em></span> <span class='ocrx_word' id='word_1_303' title='bbox 825 2521 956 2556; x_wconf 78' lang='lat' dir='ltr'>uiserat</span> <span class='ocrx_word' id='word_1_304' title='bbox 988 2520 1031 2556; x_wconf 88' lang='lat' dir='ltr'><em>H</em></span> <span class='ocrx_word' id='word_1_305' title='bbox 1064 2521 1239 2557; x_wconf 85' lang='lat' dir='ltr'>clauserat</span> <span class='ocrx_word' id='word_1_306' title='bbox 1277 2521 1329 2558; x_wconf 88' lang='lat' dir='ltr'>Le</span> <span class='ocrx_word' id='word_1_307' title='bbox 1367 2521 1503 2557; x_wconf 88' lang='lat' dir='ltr'>uicerat</span> <span class='ocrx_word' id='word_1_308' title='bbox 1541 2522 1635 2559; x_wconf 85' lang='lat' dir='ltr'>Iun—</span> 
     </span>
     <span class='ocr_line' id='line_1_37' title="bbox 124 2574 1638 2625; baseline 0.001 -13"><span class='ocrx_word' id='word_1_309' title='bbox 124 2579 202 2613; x_wconf 76' lang='lat' dir='ltr'>tina</span> <span class='ocrx_word' id='word_1_310' title='bbox 299 2574 379 2612; x_wconf 83' lang='lat'>342</span> <span class='ocrx_word' id='word_1_311' title='bbox 411 2577 523 2623; x_wconf 87' lang='lat' dir='ltr'>gemis</span> <span class='ocrx_word' id='word_1_312' title='bbox 554 2576 596 2612; x_wconf 92' lang='lat' dir='ltr'><em>H</em></span> <span class='ocrx_word' id='word_1_313' title='bbox 700 2574 780 2612; x_wconf 87' lang='grc'><strong><em>344</em></strong></span> <span class='ocrx_word' id='word_1_314' title='bbox 810 2577 1040 2625; x_wconf 88' lang='lat' dir='ltr'>restinguens</span> <span class='ocrx_word' id='word_1_315' title='bbox 1072 2587 1118 2615; x_wconf 83' lang='grc' dir='ltr'>εα</span> <span class='ocrx_word' id='word_1_316' title='bbox 1147 2578 1374 2625; x_wconf 78' lang='lat' dir='ltr'>restringens</span> <span class='ocrx_word' id='word_1_317' title='bbox 1405 2577 1482 2614; x_wconf 88' lang='lat' dir='ltr'>HR</span> <span class='ocrx_word' id='word_1_318' title='bbox 1513 2579 1638 2614; x_wconf 88' lang='lat' dir='ltr'>restri-</span> 
     </span>
     <span class='ocr_line' id='line_1_38' title="bbox 120 2630 1636 2681; baseline 0.001 -13"><span class='ocrx_word' id='word_1_319' title='bbox 120 2643 211 2681; x_wconf 85' lang='lat' dir='ltr'>gens</span> <span class='ocrx_word' id='word_1_320' title='bbox 231 2633 262 2668; x_wconf 92' lang='lat' dir='ltr'>L</span> <span class='ocrx_word' id='word_1_321' title='bbox 376 2630 455 2668; x_wconf 84' lang='lat'>345</span> <span class='ocrx_word' id='word_1_322' title='bbox 487 2643 556 2679; x_wconf 89' lang='lat' dir='ltr'>que</span> <span class='ocrx_word' id='word_1_323' title='bbox 579 2632 749 2677; x_wconf 76' lang='lat' dir='ltr'>Botln&#39;us,</span> <span class='ocrx_word' id='word_1_324' title='bbox 773 2644 843 2669; x_wconf 87' lang='lat' dir='ltr'>om.</span> <span class='ocrx_word' id='word_1_325' title='bbox 865 2633 1022 2671; x_wconf 84' lang='lat' dir='ltr'>HLReoe</span> <span class='ocrx_word' id='word_1_326' title='bbox 1138 2633 1217 2670; x_wconf 87' lang='lat'>347</span> <span class='ocrx_word' id='word_1_327' title='bbox 1250 2634 1435 2670; x_wconf 88' lang='lat' dir='ltr'>morientis</span> <span class='ocrx_word' id='word_1_328' title='bbox 1455 2634 1636 2673; x_wconf 75' lang='lat' dir='ltr'>HLRea:</span> 
     </span>
     <span class='ocr_line' id='line_1_39' title="bbox 122 2687 1636 2736; baseline 0.001 -12"><span class='ocrx_word' id='word_1_329' title='bbox 122 2689 175 2735; x_wconf 84' lang='lat' dir='ltr'>cf.</span> <span class='ocrx_word' id='word_1_330' title='bbox 201 2688 294 2725; x_wconf 74' lang='lat'>182,</span> <span class='ocrx_word' id='word_1_331' title='bbox 327 2687 420 2728; x_wconf 81' lang='lat'>225,</span> <span class='ocrx_word' id='word_1_332' title='bbox 452 2687 622 2734; x_wconf 78' lang='lat' dir='ltr'>defendit</span> <span class='ocrx_word' id='word_1_333' title='bbox 651 2688 901 2725; x_wconf 80' lang='lat' dir='ltr'>Burmannus</span> <span class='ocrx_word' id='word_1_334' title='bbox 931 2690 983 2725; x_wconf 83' lang='lat' dir='ltr'>ad</span> <span class='ocrx_word' id='word_1_335' title='bbox 1010 2690 1128 2736; x_wconf 84' lang='lat' dir='ltr'>Prop.</span> <span class='ocrx_word' id='word_1_336' title='bbox 1160 2690 1172 2724; x_wconf 94' lang='lat' dir='ltr'>l</span> <span class='ocrx_word' id='word_1_337' title='bbox 1207 2690 1276 2730; x_wconf 88' lang='lat'>10,</span> <span class='ocrx_word' id='word_1_338' title='bbox 1308 2690 1332 2725; x_wconf 82' lang='lat'>5</span> <span class='ocrx_word' id='word_1_339' title='bbox 1357 2701 1400 2736; x_wconf 79' lang='lat' dir='ltr'>p.</span> <span class='ocrx_word' id='word_1_340' title='bbox 1435 2690 1513 2728; x_wconf 87' lang='lat'>108</span> <span class='ocrx_word' id='word_1_341' title='bbox 1545 2702 1636 2727; x_wconf 85' lang='lat' dir='ltr'>mar-</span> 
     </span>
     <span class='ocr_line' id='line_1_40' title="bbox 120 2743 1634 2793; baseline 0.002 -13"><span class='ocrx_word' id='word_1_342' title='bbox 120 2745 232 2781; x_wconf 88' lang='lat' dir='ltr'>centis</span> <span class='ocrx_word' id='word_1_343' title='bbox 263 2746 320 2781; x_wconf 78' lang='lat' dir='ltr'>vel</span> <span class='ocrx_word' id='word_1_344' title='bbox 351 2745 541 2780; x_wconf 83' lang='lat' dir='ltr'>maerentis</span> <span class='ocrx_word' id='word_1_345' title='bbox 574 2743 758 2781; x_wconf 80' lang='lat' dir='ltr'>Heinsius</span> <span class='ocrx_word' id='word_1_346' title='bbox 844 2745 972 2793; x_wconf 78' lang='lat' dir='ltr'>alfipne</span> <span class='ocrx_word' id='word_1_347' title='bbox 995 2745 1038 2780; x_wconf 92' lang='lat' dir='ltr'><em>H</em></span> <span class='ocrx_word' id='word_1_348' title='bbox 1150 2745 1230 2783; x_wconf 91' lang='grc'>348</span> <span class='ocrx_word' id='word_1_349' title='bbox 1261 2745 1403 2782; x_wconf 88' lang='lat' dir='ltr'>cubitos</span> <span class='ocrx_word' id='word_1_350' title='bbox 1435 2745 1479 2782; x_wconf 87' lang='lat' dir='ltr'><em>H</em></span> <span class='ocrx_word' id='word_1_351' title='bbox 1505 2746 1634 2784; x_wconf 89' lang='lat' dir='ltr'>cubitis</span> 
     </span>
    </p>
   </div>
   <div class='ocr_carea' id='block_1_6' title="bbox 122 2809 1636 2883">
    <p class='ocr_par' dir='ltr' id='par_1_6' title="bbox 122 2809 1636 2883">
     <span class='ocr_line' id='line_1_41' title="bbox 122 2809 1636 2883; baseline 0.002 -14"><span class='ocrx_word' id='word_1_352' title='bbox 122 2833 176 2871; x_wconf 80' lang='lat' dir='ltr'>Le</span> <span class='ocrx_word' id='word_1_353' title='bbox 260 2809 437 2883; x_wconf 56' lang='lat' dir='ltr'>pependits</span> <span class='ocrx_word' id='word_1_354' title='bbox 467 2832 584 2881; x_wconf 83' lang='lat' dir='ltr'>(corr.</span> <span class='ocrx_word' id='word_1_355' title='bbox 618 2846 664 2871; x_wconf 86' lang='lat' dir='ltr'>m.</span> <span class='ocrx_word' id='word_1_356' title='bbox 695 2833 790 2882; x_wconf 81' lang='lat' dir='ltr'>rec.)</span> <span class='ocrx_word' id='word_1_357' title='bbox 821 2836 863 2872; x_wconf 92' lang='lat' dir='ltr'><em>H</em></span> <span class='ocrx_word' id='word_1_358' title='bbox 983 2834 1063 2873; x_wconf 85' lang='lat'><strong>349</strong></span> <span class='ocrx_word' id='word_1_359' title='bbox 1095 2836 1148 2883; x_wconf 83' lang='lat' dir='ltr'>cf.</span> <span class='ocrx_word' id='word_1_360' title='bbox 1179 2835 1273 2873; x_wconf 85' lang='lat' dir='ltr'>Aen.</span> <span class='ocrx_word' id='word_1_361' title='bbox 1305 2836 1333 2871; x_wconf 94' lang='lat' dir='ltr'>V</span> <span class='ocrx_word' id='word_1_362' title='bbox 1365 2835 1417 2874; x_wconf 88' lang='grc'><strong><em>64</em></strong></span> <span class='ocrx_word' id='word_1_363' title='bbox 1504 2842 1636 2874; x_wconf 87' lang='lat' dir='ltr'>morta-</span> 
     </span>
    </p>
   </div>
  </div>
 </body>
</html>
