1884 3126
723 111 856 140 CAPUT
887 113 914 139 1.
1557 96 1580 138 7

61 230 143 268 vius
181 228 322 276 voluit,
361 227 448 280 quia
485 228 526 266 in
557 225 754 266 Britannia
793 223 886 263 dum
923 225 962 262 in
1004 223 1183 263 Caesaris
1220 224 1358 262 castris
1398 229 1482 263 erat
1521 223 1579 264 vel

60 297 234 336 exercitii
271 308 387 335 causa
426 293 702 334 declamaverit
731 290 791 332 vel
821 291 867 332 ad
900 291 1079 342 regulum
1111 291 1245 331 nescio
1277 303 1395 343 quem
1426 291 1580 342 legatus

58 366 201 405 missus
232 364 397 403 dicendo
428 376 470 403 se
499 362 602 415 apud
632 361 811 401 indoctos
840 359 1070 411 iactaverit),
1103 371 1204 410 quae
1234 360 1312 398 sint
1343 360 1580 398 ‘Corinthia

59 432 200 473 verba'
240 432 346 485 (num
378 432 495 470 mixta
529 443 575 470 ex
605 430 720 468 variis
758 428 904 479 linguis
934 440 982 467 an
1015 426 1242 478 venenata),
1282 432 1352 467 tau
1383 429 1580 467 Gallicum

59 500 151 554 quid
183 500 258 540 sibi
290 499 393 550 velit,
424 499 463 538 in
495 497 726 537 ariolatione
754 497 881 548 posita
910 501 1014 535 sunt.
1067 497 1109 534 al
1137 496 1307 535 fortasse
1331 507 1409 534 non
1432 494 1578 541 allium,

60 569 127 608 sed
166 567 270 608 alum
310 566 367 605 vel
407 565 538 606 halum
578 570 656 610 est,
697 577 812 617 quam
845 563 985 603 Graeci
1016 563 1062 602 sil
1093 562 1302 602 vocabant:
1350 563 1398 602 cf.
1430 562 1580 602 Plinius

61 650 97 676 n.
130 636 167 675 b.
200 635 320 675 XXVI
351 632 394 680 7,
424 631 492 673 42.
531 633 669 674 XXVII
697 630 743 678 6,
774 630 842 671 41.
904 630 973 671 sed
1010 629 1071 670 vel
1109 630 1211 670 hanc
1249 630 1300 669 ob
1340 643 1498 670 causam
1531 643 1579 670 ex

58 703 249 744 librorum
286 703 481 754 scriptura
515 703 661 751 psinae
699 699 758 739 vel
787 702 926 750 psinet
956 698 1059 738 aliud
1091 698 1389 751 monosyllabon
1422 698 1578 738 elicien-

58 771 150 811 dum
181 783 225 810 ac
257 769 316 816 sil,
348 780 581 822 quamquam
604 770 701 818 psin
731 767 825 820 quid
857 779 942 806 esse
973 768 1097 819 possit
1127 768 1275 806 nescio.

169 839 351 879 Ceterum
391 842 526 876 notatu
563 836 724 887 dignum
762 836 878 875 istum
911 846 1067 887 quoque
1095 835 1268 874 Annium
1299 834 1503 875 Cimbrum
1535 842 1578 874 ut

56 919 171 959 quem
201 907 242 945 in
273 905 342 946 ecl.
376 904 429 944 IX
451 902 505 944 36
534 905 642 944 Maro
674 902 834 954 oblique
864 903 992 954 tetigit
1020 908 1176 954 poetam
1207 904 1400 942 Anserem
1431 903 1471 942 in
1500 904 1578 942 An-

58 974 154 1012 tonii
190 973 328 1019 castris
366 972 506 1017 fuisse,
547 983 623 1022 quo
664 972 920 1010 confirmatur
950 970 1056 1022 quod
1090 971 1130 1009 in
1162 983 1303 1011 comm.
1337 971 1386 1010 de
1416 970 1578 1022 Vergilii

58 1042 133 1080 vita
164 1046 203 1079 et
239 1040 395 1091 scriptis
424 1052 462 1091 p.
494 1039 595 1079 XVII
634 1039 805 1084 conieci,
845 1043 1026 1078 nostrum
1063 1039 1140 1077 iam
1172 1043 1267 1078 tunc
1297 1051 1319 1078 a
1349 1043 1508 1078 senatus
1539 1044 1578 1079 et

58 1109 256 1149 Octaviani
285 1107 464 1159 partibus
495 1108 663 1146 stetisse.

167 1174 288 1214 Paulo
318 1175 447 1213 minus
476 1179 581 1214 certa
614 1175 803 1213 memoria
824 1173 873 1212 de
901 1175 1082 1214 carmine
1110 1179 1296 1223 quarto
1326 1175 1397 1214 niti
1421 1175 1574 1215 videtur

56 1244 136 1282 sive
166 1241 296 1282 medio
326 1246 466 1293 quarto
498 1240 654 1280 saeculo
683 1241 831 1280 Marius
852 1242 1076 1280 Victorinus
1107 1243 1189 1281 sive
1221 1254 1339 1293 quem
1362 1244 1394 1282 is
1417 1255 1575 1294 quoque

55 1310 260 1362 exscripsit
290 1308 412 1348 multo
442 1309 640 1359 antiquior
670 1309 782 1348 testis
812 1308 972 1349 Caesius
1003 1309 1159 1358 Bassus,
1194 1323 1284 1350 cum
1315 1310 1419 1350 (licat
1448 1311 1498 1350 ΙΙΙ
1522 1309 1572 1351 17

55 1378 105 1430 (p.
132 1376 210 1418 188
241 1378 285 1416 G.
316 1374 427 1417 2585
447 1375 504 1427 Ρ.)
536 1377 650 1416 ‘facit
678 1382 884 1428 praeterea
915 1389 1071 1416 versum
1103 1377 1314 1417 iambicum
1347 1379 1573 1418 trimetrum

55 1451 131 1485 tam
162 1446 385 1485 Simonides
422 1456 539 1495 quam
568 1446 729 1493 neqotio
758 1445 970 1495 repetitum
1001 1450 1081 1490 ter,
1121 1445 1224 1484 baud
1256 1445 1352 1485 alias
1383 1457 1501 1496 quam
1532 1452 1575 1485 ut

54 1517 169 1554 aiunt
191 1513 340 1561 secisse
368 1514 590 1560 Verqz'le'um
619 1517 798 1551 nostrum
829 1513 998 1552 iambico
1029 1515 1347 1566 epiqramrnate:
1378 1515 1574 1555 thalassio

54 1583 246 1621 thalassio
275 1580 509 1619 thalassio’.
566 1578 636 1618 sed
667 1578 742 1618 boc
774 1580 840 1631 qui
869 1579 980 1625 fecit,
1027 1585 1135 1619 certe
1173 1583 1378 1621 tertium
1416 1594 1573 1634 quoque

54 1650 94 1688 in
125 1647 293 1687 eundem
315 1647 559 1686 Noctuinum
589 1647 731 1686 secisse
760 1646 957 1698 putandus
979 1648 1065 1687 erit.
1117 1649 1184 1698 qui
1214 1649 1247 1687 si
1270 1649 1465 1700 Vergilius
1485 1651 1570 1696 suit,

55 1715 193 1756 Catulli
232 1714 469 1759 studiosum,
512 1713 669 1767 qualem
707 1715 911 1766 priapeum
942 1714 993 1754 111
1033 1720 1071 1754 et
1109 1714 1320 1755 choliambi
1356 1716 1422 1756 VII
1460 1717 1570 1756 exhi-

54 1781 235 1828 buerunt,
267 1783 331 1822 hic
362 1793 516 1834 quoque
546 1781 892 1832 deprehendimus

163 1850 271 1889 ldem
310 1862 402 1889 vero
440 1850 506 1900 qui
534 1854 596 1889 ter
625 1850 835 1901 repetitum
865 1849 914 1889 ab
946 1862 992 1889 eo
1023 1852 1217 1891 thalassio
1249 1855 1572 1893 commemoravit

52 1919 114 1956 vix
151 1917 288 1957 dubito
325 1918 421 1970 quin
460 1918 575 1956 etiam
614 1917 783 1969 epodum
814 1922 1045 1968 sequentem
1079 1918 1135 1971 (V)
1168 1919 1319 1971 legerit.
1382 1934 1472 1960 nani
1504 1922 1570 1961 ad-

51 1986 178 2024 iunxit
205 1984 282 2024 illis
312 1997 411 2037 quae
441 1997 561 2036 supra
589 1986 792 2036 posuimus
822 1985 939 2025 haec:
972 1986 1101 2037 ‘quod
1131 1986 1189 2027 bis
1211 1989 1456 2028 enuntiatum
1479 1990 1571 2029 facit

53 2052 228 2105 epodon,
259 2053 332 2092 ita:

404 2112 538 2148 beatus
567 2113 632 2148 ille
661 2115 727 2159 qui
750 2114 892 2158 procul
922 2115 1080 2161 neqoliis

522 2169 708 2206 thalassio
740 2167 962 2206 thalassio'.

51 2256 116 2294 hic
153 2257 257 2295 enim
293 2257 379 2307 ipse
417 2255 633 2295 versiculus
670 2257 710 2295 in
749 2257 884 2306 quinto
914 2258 1087 2297 insertus
1119 2263 1178 2298 est
1209 2259 1256 2311 (v.
1292 2257 1370 2309 16).
1431 2261 1570 2301 maluit

52 2328 183 2361 autem
218 2322 286 2362 ille
323 2323 600 2367 Horatianum,
640 2335 720 2361 non
760 2335 807 2361 ex
838 2329 972 2363 nostro
1012 2326 1186 2365 carmine
1224 2333 1423 2379 sumptum
1452 2341 1565 2369 sena-

51 2390 153 2428 rium
183 2390 448 2440 praemittere,
480 2391 570 2441 quia
601 2402 689 2429 cum
720 2389 820 2429 solet
846 2391 1070 2431 Horatianis
1098 2394 1347 2445 potissimum
1378 2396 1566 2449 exemplis

50 2457 106 2495 uti
146 2461 227 2495 tum
264 2455 339 2495 hoc
382 2455 499 2508 paulo
542 2462 633 2497 ante
682 2470 776 2498 usus
822 2464 891 2498 est.
951 2466 1154 2500 auctorem
1202 2467 1332 2502 tamen
1378 2466 1566 2505 carminis

50 2535 167 2575 quem
197 2522 399 2569 habuerit,
431 2525 558 2563 conici
586 2526 742 2575 nequit:
783 2539 861 2566 non
892 2527 1013 2568 fuisse
1043 2528 1259 2580 Vergilium
1290 2530 1406 2570 docet
1434 2534 1564 2584 ipsum

48 2592 219 2637 initium,
261 2603 338 2642 quo
373 2592 452 2631 iam
490 2604 624 2632 senem
661 2605 724 2638 se,
765 2599 880 2634 antea
917 2601 1046 2635 autem
1084 2606 1156 2647 per
1188 2598 1310 2637 maria
1341 2605 1495 2640 vectum
1527 2608 1566 2641 et

50 2670 157 2698 arma
197 2659 355 2697 victoris
386 2663 563 2698 secutum
595 2672 679 2699 esse
711 2661 804 2700 (licit
833 2668 960 2714 poeta.
1022 2676 1094 2703 nec
1124 2666 1251 2716 potuit
1280 2665 1346 2706 ille
1376 2680 1561 2719 umquam

50 2725 178 2765 valere
207 2726 328 2765 ‘iram
350 2732 388 2765 et
409 2730 586 2766 anticum
611 2728 818 2776 furorem’
851 2743 964 2769 suum
987 2731 1232 2772 adseverare.
1284 2741 1414 2785 potest
1442 2738 1563 2776 fuisse

48 2793 188 2833 Furius
217 2793 438 2840 Bibaculus,
472 2807 590 2846 quem
621 2808 723 2837 anno
743 2794 825 2838 655
856 2798 939 2839 fere
970 2804 1103 2841 uatum
1136 2801 1240 2841 circa
1261 2814 1294 2841 a.
1322 2800 1402 2842 736
1433 2803 1487 2843 sal
1520 2810 1555 2843 ct
