1884 3126
295 148 349 191 22
915 164 1249 192 PROLEGOMENON

297 282 450 323 gressus
487 271 558 309 sit?
602 270 704 310 idem
736 272 840 321 quod
878 285 1133 312 numerorum
1163 273 1269 323 leges
1301 274 1411 319 alias,
1444 286 1543 324 quae
1574 275 1621 313 ad
1650 275 1794 326 pedum

299 342 649 387 temperamentum
680 342 718 376 et
747 350 928 377 caesuras
958 339 1124 378 maxime
1154 344 1339 390 spectant,
1371 352 1532 390 prorsus
1554 340 1706 380 easdem
1729 354 1787 380 se-

302 407 413 442 cutus
443 408 500 442 est
529 415 623 453 quas
653 404 694 441 in
724 403 909 443 bucolicis
939 405 1131 455 Vergilius
1163 405 1223 456 (cf.
1256 405 1534 456 Ilertzbcrgius
1563 420 1600 458 p.
1633 405 1658 446 8
1679 406 1791 459 sqq.),

301 469 396 508 alias
425 469 672 521 prosodiacas
702 470 750 509 dc
780 471 1014 522 synaloepha
1044 471 1278 511 admittenda
1310 478 1347 512 et
1377 486 1475 524 quae
1509 473 1619 513 huius
1643 475 1795 524 generis

303 541 392 575 sunt
421 537 461 574 in
491 548 608 587 parvo
639 537 778 587 epyllio
808 536 1028 587 religiosius
1060 537 1192 588 quales
1219 551 1239 577 a
1259 540 1453 590 magistris
1483 545 1684 591 acceperat
1713 552 1794 578 ser-

302 603 401 642 vavit
440 613 554 652 quam
591 603 631 641 in
670 604 723 641 eis
761 603 996 643 carminibus
1033 616 1129 654 quac
1166 606 1343 654 graviore
1388 605 1550 646 consilio
1588 605 1797 645 elaboravit

301 668 363 717 (cs.
395 673 549 719 praeter
579 670 770 708 Bauerum
801 669 1075 720 Hertzbergius
1106 683 1141 721 p.
1175 669 1227 710 10
1254 671 1345 723 sq),
1387 671 1484 711 nihil
1514 672 1651 723 probat
1681 684 1795 724 quam

302 736 584 786 emancipatum
613 734 742 774 schola
773 741 927 786 poetam
957 735 1047 781 sibi,
1081 749 1158 775 non
1189 739 1379 788 magistris
1410 740 1609 789 paruisse,
1641 743 1796 778 senten-

301 802 442 839 tiarum
481 806 597 850 atque
634 803 819 841 orationis
855 804 1023 841 nitorem
1060 803 1291 854 praetulisse
1330 804 1561 844 mollitudini
1592 805 1794 850 vocalium,

300 867 466 917 denique
504 872 547 906 ut
581 868 623 905 fit
665 867 818 906 labente
862 877 1037 920 tempore
1075 875 1163 920 post
1199 870 1267 909 XII
1316 883 1506 910 annorum
1550 871 1794 911 intervallum

299 933 414 989 paulo
452 933 569 972 alium
599 934 743 972 factum
776 947 873 973 esse.
934 947 1053 985 porro
1084 935 1327 976 ambitiosius
1357 938 1531 978 Bauerus
1563 939 1797 990 conquisivit

301 1012 399 1051 quae
430 1001 468 1038 in
499 999 622 1038 culice
660 1001 879 1050 ceterisque
916 1001 1152 1040 carminibus
1181 1002 1325 1054 aliquid
1354 1003 1617 1043 similitudinis
1646 1005 1796 1044 referre

303 1066 492 1110 videntur,
526 1071 568 1104 ut
587 1065 772 1116 probaret
793 1079 839 1104 ex
866 1066 1008 1117 eclogis
1027 1068 1073 1106 Vl
1096 1072 1134 1106 et
1152 1067 1186 1106 II
1207 1070 1384 1114 maxime,
1407 1071 1615 1120 georgicon
1636 1070 1726 1109 libri
1747 1071 1793 1109 lV

302 1134 404 1171 exitu
450 1136 488 1170 ct
523 1132 704 1171 Aeneidis
749 1132 848 1171 libro
887 1133 934 1172 VI
978 1135 1243 1173 consarcinata
1287 1136 1326 1173 in
1365 1135 1490 1174 culice
1533 1135 1651 1175 multa
1696 1148 1793 1175 esse.

302 1199 411 1250 quasi
444 1210 532 1236 vero
563 1199 656 1237 artis
686 1200 860 1249 poeticae
890 1211 910 1238 e
932 1200 1090 1240 Graecis
1121 1200 1347 1240 auctoribus
1377 1202 1583 1253 pendentis
1613 1214 1691 1241 non
1712 1215 1795 1255 cer-

307 1270 368 1304 tae
414 1264 602 1314 quaedam
647 1265 827 1304 dictionis
873 1265 1045 1305 colorum
1080 1266 1270 1306 luminum
1306 1269 1517 1318 imaginum
1560 1268 1794 1308 fabularum-

300 1344 374 1382 que
405 1332 538 1382 copiae
568 1332 750 1376 fuissent,
789 1332 863 1370 iam
894 1332 940 1371 ab
972 1333 1252 1382 antiquioribus
1281 1335 1321 1373 in
1352 1334 1515 1374 aliorum
1546 1348 1658 1374 usum
1688 1348 1792 1374 com-

298 1404 476 1448 paratae,
518 1399 706 1447 quasique
744 1397 973 1437 abhorreret
1003 1412 1024 1437 a
1054 1399 1342 1450 probabilitate,
1381 1400 1440 1439 vel
1478 1406 1672 1441 maturum
1704 1413 1793 1451 poe-

303 1470 379 1503 tam
417 1465 457 1502 in
494 1463 674 1515 ponendo
713 1476 872 1502 nemore
909 1469 1021 1515 prato
1058 1476 1176 1515 grege
1213 1465 1271 1505 vel
1312 1467 1506 1517 pingenda
1542 1468 1722 1507 universa
1752 1480 1795 1506 re

299 1531 505 1581 pastoricia
536 1529 593 1568 vel
625 1531 664 1567 in
695 1529 890 1569 narranda
910 1529 1057 1582 Orphei
1089 1531 1218 1570 fabula
1241 1532 1298 1570 vel
1327 1534 1367 1571 in
1388 1533 1550 1572 Tartaro
1572 1534 1794 1573 exornando

299 1596 488 1646 quaedam
519 1609 565 1634 ex
595 1596 820 1635 iuvenilium
859 1597 1076 1636 studiorum
1115 1599 1235 1649 copiis
1271 1597 1538 1649 recollegisse,
1577 1600 1643 1638 sed
1673 1601 1725 1638 ita
1755 1605 1796 1639 ut

300 1662 488 1714 expoliret
525 1667 562 1701 et
599 1662 841 1701 emendando
885 1669 1103 1702 renovaret.
1164 1676 1253 1702 nam
1297 1664 1392 1704 haec
1430 1666 1513 1715 ipsa
1557 1671 1794 1716 argumenta,

303 1729 481 1779 Orpheus
519 1734 556 1767 et
586 1728 775 1780 Eurydice
815 1734 852 1767 et
888 1730 1101 1768 inferorum
1141 1730 1253 1769 sedes
1289 1730 1603 1771 adulescentibus
1641 1734 1794 1783 potissi-

302 1807 406 1834 mum
445 1795 642 1834 decantata
681 1795 802 1834 fuisse
839 1795 897 1834 vel
927 1795 1071 1834 Lucani
1109 1797 1329 1847 exemplum
1369 1796 1510 1837 docere
1539 1802 1676 1848 potest.
1737 1799 1794 1837 in-

302 1866 432 1911 tegros
468 1866 596 1900 autem
633 1862 674 1900 in
711 1861 832 1901 culice
863 1874 1016 1906 versus,
1054 1861 1186 1912 quales
1215 1863 1255 1901 in
1293 1863 1364 1901 ciri
1394 1863 1594 1914 leguntur,
1635 1877 1681 1903 ex
1710 1863 1794 1903 aliis

301 1927 535 1966 carminibus
564 1928 751 1979 repetitos
780 1927 839 1967 vel
869 1927 942 1967 alia
973 1939 1072 1978 quae
1102 1928 1193 1967 hinc
1224 1930 1469 1979 potissimum
1492 1935 1687 1970 mutuatus
1709 1942 1794 1969 esse

303 1993 436 2032 culicis
467 1998 600 2032 auctor
631 1995 755 2033 evinci
785 1995 908 2044 possit
937 2006 1127 2045 nusquam
1158 1995 1402 2035 offendimus.

409 2193 457 2232 At
495 2193 719 2232 dirarum
756 2205 882 2244 neque
912 2194 1004 2233 Cato
1035 2206 1161 2244 neque
1194 2194 1382 2245 Vergilius
1412 2199 1547 2234 auctor
1576 2196 1665 2240 suit,
1699 2208 1795 2245 quas

300 2264 403 2298 ortas
435 2271 520 2298 esse
551 2271 652 2298 anno
674 2257 754 2298 713
784 2259 992 2298 admodum
1022 2259 1240 2316 probabilis¹
1264 2260 1440 2300 Merkelii
1469 2261 1516 2300 ad
1547 2261 1631 2300 Ibin
1651 2275 1687 2313 p.
1711 2260 1794 2301 364

300 2326 520 2365 coniectura
566 2330 641 2369 est,
688 2326 751 2363 cui
791 2326 983 2376 Hauptius
1024 2325 1106 2365 obs.
1151 2328 1235 2365 crit.
1273 2324 1325 2366 47
1367 2333 1404 2366 et
1440 2327 1709 2367 Lachmannus
1746 2328 1793 2367 ad

299 2392 414 2431 Lucr.
444 2392 491 2430 IV
521 2389 603 2430 604
631 2390 850 2442 adstipulati
889 2379 991 2431 sunt.
1051 2393 1123 2432 sita
1152 2397 1279 2432 autem
1318 2392 1477 2433 fuerunt
1505 2406 1615 2442 rura,
1656 2394 1795 2443 quibus

301 2458 485 2509 expulsus
522 2469 726 2508 possessor
758 2462 842 2496 vota
879 2458 1123 2509 inprecatur,
1161 2459 1208 2498 ad
1238 2459 1351 2498 litora
1380 2461 1498 2498 maris
1531 2457 1596 2510 (48
1627 2472 1709 2511 sqq.
1740 2451 1794 2499 58

297 2524 409 2574 sqq),
443 2523 636 2565 montibus
666 2522 753 2562 altis
783 2537 804 2563 a
833 2529 943 2574 tergo
974 2525 1098 2563 cincta
1130 2523 1208 2577 (13.
1234 2523 1299 2565 76.
1321 2523 1402 2573 88),
1436 2531 1476 2564 ut
1506 2538 1552 2565 ex
1580 2526 1794 2565 octodecim

299 2590 468 2641 oppidis,
508 2601 606 2639 quae
641 2591 832 2629 veteranis
871 2590 1068 2640 adsignata
1107 2596 1199 2630 sunt
1236 2591 1298 2644 (cl'.
1331 2593 1494 2643 Appiani
1525 2591 1562 2630 b.
1595 2604 1627 2630 c.
1661 2591 1710 2630 IV
1740 2590 1791 2643 3),

296 2658 398 2695 inter
440 2657 654 2695 Ariminum
702 2657 909 2696 Nuceriam
946 2657 1182 2708 Ilipponium
1220 2657 1410 2708 Rhegium
1452 2657 1511 2709 (cs.
1544 2671 1576 2696 v.
1608 2655 1645 2709 9)
1688 2659 1792 2708 optio

298 2722 386 2761 data
422 2723 480 2760 sit.
523 2728 724 2773 receptum
762 2728 891 2762 autem
930 2735 1088 2762 carmen
1127 2729 1332 2774 utrumque
1364 2722 1464 2774 (nam
1494 2728 1601 2762 recte
1631 2723 1790 2774 Lydiam

299 2803 320 2829 a
350 2788 444 2828 diris
476 2789 667 2840 separavit
689 2788 751 2827 Fr.
783 2788 989 2841 Iacobsius)
1019 2790 1057 2828 in
1088 2789 1260 2842 syllogen
1290 2794 1474 2839 nostram,
1508 2791 1596 2840 quia
1627 2795 1665 2828 et
1695 2795 1788 2829 tem-
