1884 3126
305 234 360 273 60
889 247 1219 275 PROLEGOMENON

306 357 397 394 rivis
428 355 554 395 sontes
584 358 914 406 coniungerentur
945 362 981 396 et
1012 357 1148 408 copula
1178 368 1253 405 que
1273 355 1401 394 addita
1432 356 1659 408 ‘aviumque
1680 358 1795 397 silen-

308 424 357 460 tia
388 424 502 462 [ient'
535 423 813 462 concluderent
842 425 1086 463 sententiam.

416 510 534 549 Multo
577 517 703 550 autem
750 511 941 550 diffieilior
979 512 1051 550 bac
1089 513 1127 550 in
1166 511 1297 562 ecloga
1338 511 1541 551 verborum
1579 513 1794 551 emendatio

307 583 376 616 est.
437 590 534 628 quae
571 579 652 628 ipse
690 577 929 628 periclitatus
965 591 1047 616 sum
1081 579 1212 628 paucis
1243 577 1305 617 liic
1335 578 1545 618 defendere
1576 580 1712 618 iuvat„
1738 592 1796 619 53-

307 656 397 682 num
430 656 506 681 non
539 656 621 682 esse
652 644 752 694 quod
774 656 806 681 v.
833 643 855 683 7
878 643 1041 682 traditur
1071 646 1222 683 interea
1248 645 1387 683 docent
1407 657 1495 683 cum
1518 645 1795 688 antecedentia,

306 709 369 747 ubi
401 709 586 760 quidquid
618 711 694 759 agit
724 710 839 760 Lydia
872 711 973 760 agris
1004 712 1229 761 contingere
1261 712 1412 755 dicitur,
1444 718 1521 750 tum
1552 712 1591 750 in
1624 717 1796 750 extremo

308 788 418 814 versu
449 777 612 826 positum
653 778 692 814 in
731 787 886 821 aurem,
928 778 990 814 cui
1027 776 1127 827 quod
1159 778 1376 828 oppositum
1409 779 1456 815 sit
1486 779 1707 816 necessario
1736 790 1796 815 re-

306 843 483 892 quiritur.
548 853 635 880 nam
675 841 844 880 Naekius
882 842 984 892 quod
1021 855 1057 893 p.
1093 840 1172 880 144
1202 848 1239 880 et
1267 841 1349 882 250
1369 855 1423 894 sq.
1454 831 1673 893 suspicatur
1711 849 1798 881 ante

307 908 410 946 (liras
429 908 587 958 Lydiam
619 909 873 958 compositam
905 921 990 946 esse
1020 909 1067 947 ab
1097 908 1231 947 eodem
1254 914 1378 959 poeta,
1410 911 1474 960 qui
1495 910 1660 948 reditum
1684 910 1797 948 etiam

305 976 343 1012 in
375 987 487 1024 agros
525 979 673 1025 speret,
714 973 822 1012 niliili
853 973 992 1012 liabeo.
1051 974 1135 1012 talis
1173 976 1274 1014 enim
1307 977 1388 1026 spei
1419 981 1573 1026 praeter
1605 975 1703 1014 lianc
1735 988 1797 1013 vo-

305 1041 524 1079 culainne
563 1040 755 1079 levissima
801 1040 953 1091 quidem
1000 1041 1227 1090 significatio
1272 1043 1310 1080 in
1351 1047 1429 1080 toto
1474 1043 1646 1080 carmine
1684 1043 1796 1085 inest,

306 1107 487 1158 quodque
519 1107 620 1145 beati
650 1107 868 1157 praesentia
901 1105 1052 1156 puellae
1083 1106 1208 1144 eidem
1240 1108 1321 1156 agri
1353 1107 1544 1150 dicuntur,
1577 1107 1714 1156 quibus
1744 1107 1798 1144 di-

306 1185 372 1212 rae
403 1174 603 1212 interitum
633 1174 897 1223 inprecantur,
931 1173 1095 1222 primum
1128 1172 1175 1210 110
1206 1177 1354 1211 eertum
1388 1172 1543 1222 quidem
1566 1178 1623 1211 est
1645 1172 1798 1211 eosdem

307 1252 405 1283 esse,
438 1239 538 1290 quod
571 1240 683 1277 etiam
715 1239 746 1276 si
776 1238 1013 1277 coucedatur
1045 1238 1095 1289 (et
1125 1238 1319 1277 credimus
1349 1239 1457 1289 ipsi),
1490 1238 1622 1289 quidni
1652 1239 1800 1277 recenti

307 1307 435 1345 amissi
466 1305 613 1356 praedii
644 1304 776 1342 dolore
808 1309 934 1342 motus
965 1309 1077 1353 poeta
1109 1304 1418 1342 execrationibus
1451 1304 1675 1349 indulserit,
1715 1309 1801 1355 post

308 1372 484 1411 molliore
522 1376 657 1422 captus
694 1369 885 1408 desiderio
917 1371 1059 1408 amoris
1089 1370 1224 1420 gaudia
1253 1369 1326 1408 sibi
1357 1374 1489 1420 erepta
1519 1369 1799 1420 deploraverit?

307 1451 398 1487 ergo
436 1441 589 1477 interea
629 1449 714 1476 011111
752 1442 840 1486 apto
872 1442 1002 1474 careat
1031 1448 1166 1481 sensu,
1207 1436 1302 1474 nihil
1333 1442 1370 1474 et
1399 1436 1612 1486 simplicius
1643 1442 1680 1474 et
1709 1448 1799 1474 con·

307 1505 393 1544 silio
440 1504 513 1543 loci
552 1504 672 1553 magis
711 1504 944 1541 conveniens
981 1504 1157 1552 reperire
1196 1504 1302 1553 potui
1333 1515 1445 1553 quam
1476 1505 1579 1541 inter
1609 1514 1693 1546 vos,
1740 1503 1800 1540 cui

307 1570 378 1609 alia
417 1582 513 1619 quae
551 1571 589 1608 in
628 1574 796 1607 mentem
828 1568 1031 1607 veniebant
1066 1568 1110 1618 (e.
1143 1580 1178 1618 g.
1211 1571 1251 1607 in
1281 1571 1381 1608 silva
1411 1568 1470 1606 vel
1501 1567 1663 1618 intenta)
1695 1574 1799 1618 post-

308 1636 452 1676 habere
484 1649 560 1674 non
592 1635 775 1675 dubitavi.

417 1725 459 1763 Iu
499 1736 610 1762 versu
649 1721 699 1761 13
729 1724 860 1773 sperni
891 1735 910 1761 a
941 1723 1122 1761 Putseliio
1162 1728 1198 1761 et
1228 1722 1372 1761 Naekio
1411 1735 1488 1761 non
1525 1723 1688 1761 debebat
1717 1722 1799 1773 pul-

310 1791 502 1830 cherrima
533 1789 741 1829 Eiclistadii
773 1790 993 1827 coniectura
1024 1800 1198 1836 venerem
1227 1791 1448 1838 spirantia,
1488 1801 1534 1826 ex
1565 1794 1674 1839 parte
1703 1790 1800 1839 opti-

310 1869 459 1896 morum
504 1855 691 1895 librorum
735 1855 961 1894 auctoritate
1007 1855 1071 1904 qui
1109 1865 1287 1893 uenerem
1331 1853 1520 1904 praebent
1547 1848 1798 1895 'contii-mata,

309 1936 473 1974 cumque
510 1922 595 1960 aliis
634 1921 865 1971 corruptelis
907 1920 1085 1971 (maxime
1116 1933 1147 1958 V.
1180 1918 1232 1959 23
1264 1919 1328 1958 ubi
1367 1922 1520 1968 decepit
1548 1932 1619 1970 pro
1650 1921 1802 1959 decedit

307 1991 347 2028 in
377 1990 457 2027 BV
487 1988 599 2037 extat)
640 1987 884 2025 manifestum
922 1987 1005 2030 fiat,
1045 1986 1157 2024 liuius
1197 1996 1347 2034 quoque
1378 1986 1559 2023 carminis
1588 1991 1731 2024 textum
1763 1986 1800 2023 in

310 2055 485 2094 codicum
525 2058 748 2092 nostrorum
789 2053 999 2103 archetypo
1035 2051 1250 2090 uncialibus
1288 2051 1426 2090 litteris
1457 2053 1642 2102 scriptum
1672 2051 1800 2094 fuisse,

310 2134 424 2161 1101110
463 2122 528 2170 qui
559 2121 672 2158 huius
710 2120 927 2169 scripturae
958 2119 1104 2156 formas
1135 2118 1234 2156 inter
1264 2129 1305 2156 se
1324 2118 1616 2168 'comparaverit
1646 2116 1801 2156 mirabi-

310 2195 371 2228 tur
403 2186 597 2237 quomodo
629 2197 672 2223 ex
707 2184 961 2223 SPIRANTIA
995 2183 1179 2222 vocabulo
1218 2184 1312 2221 oriri
1348 2184 1516 2233 potuerit
1546 2182 1801 2221 STIPANTIA

313 2255 365 2303 (ut
395 2259 498 2292 extat
527 2254 565 2290 in
597 2252 666 2303 Z),
699 2251 799 2289 unde
830 2251 1053 2288 coniectura
1086 2250 1228 2288 factum
1258 2250 1468 2297 stipendia.
1529 2248 1644 2286 ssores
1674 2253 1799 2286 autem

309 2321 531 2360 describere
563 2324 599 2357 et
630 2329 820 2356 exornare
852 2316 925 2354 hoc
955 2315 1040 2354 loco
1071 2329 1090 2354 a
1122 2321 1250 2353 mente
1279 2320 1415 2365 poetae
1448 2325 1607 2364 prorsus
1635 2312 1801 2351 alienum

311 2393 412 2432 erat,
451 2388 514 2437 qui
545 2390 646 2423 totus
677 2389 850 2422 versetur
881 2383 918 2420 in
949 2381 1100 2432 puellae
1133 2393 1223 2420 suae
1253 2381 1376 2419 forma
1408 2386 1446 2418 et
1473 2380 1595 2430 gratia
1625 2378 1801 2418 laudibus

312 2453 520 2493 efferenda.

423 2542 584 2581 Duriora
616 2541 728 2590 quam
761 2544 802 2576 ut
832 2538 904 2576 hoc
935 2543 1047 2588 poeta
1079 2537 1194 2586 digna
1217 2535 1335 2574 videri
1365 2535 1515 2585 possint
1535 2547 1576 2573 ea
1598 2539 1686 2572 sunt
1706 2545 1803 2583 quae

309 2611 347 2658 in
380 2621 412 2646 v.
445 2605 500 2646 40
530 2605 618 2644 libri
655 2603 846 2656 praebent
890 2606 1008 2652 inque
1044 2605 1164 2642 vicem
1194 2603 1349 2640 Phoebe
1385 2612 1550 2640 currens
1589 2605 1705 2648 atque
1733 2611 1802 2639 au-

310 2687 399 2714 reus
440 2675 563 2722 orbis,
601 2672 762 2715 frustra,
803 2671 835 2708 si
866 2669 956 2719 quid
994 2669 1136 2712 sentio,
1177 2681 1197 2706 a
1227 2661 1371 2706 Naekio
1410 2666 1579 2705 defensa.
1638 2676 1726 2703 113111
1766 2670 1803 2703 et

310 2740 552 2779 desideratur
590 2738 697 2775 cuius
733 2737 772 2774 in
813 2736 932 2774 vicem
970 2740 1101 2774 currat
1138 2733 1311 2778 Phoebe,
1350 2743 1476 2782 neque
1514 2743 1670 2770 currere
1707 2730 1803 2769 haec

311 2807 403 2846 satis
440 2805 540 2843 bene
578 2803 717 2842 dicitur
756 2814 853 2853 quae
890 2801 1039 2851 placide
1069 2812 1237 2850 surgens
1267 2798 1443 2850 procedit
1473 2797 1598 2842 caelo,
1630 2809 1702 2835 nec
1730 2809 1801 2847 pro

310 2871 461 2912 duobus
493 2869 626 2908 haberi
657 2868 836 2907 ePhoebe
868 2898 876 2906 .
900 2898 907 2905 .
942 2871 1055 2918 atque
1085 2878 1226 2905 aureus
1247 2864 1374 2904 orbis'
1406 2863 1566 2902 decebat
1587 2875 1658 2902 nec
1678 2863 1801 2902 Ρ1100-
