1884 3126
713 112 847 138 CAPUT
879 111 905 136 1.
1520 92 1570 134 17

53 232 90 265 ot
111 226 216 266 circa
237 230 312 264 stet
333 223 550 264 veneranda
572 225 749 263 senem':
773 223 822 261 cs.
847 220 1036 272 Borghesi
1059 233 1150 272 opp.
1171 219 1355 258 numism.
1371 219 1388 258 1
1405 232 1442 271 p.
1460 216 1570 269 413),

53 307 221 346 cumque
260 306 364 332 anno
403 290 484 332 729
523 291 580 330 vel
619 289 702 331 730
731 290 858 330 XVvir
895 290 1020 328 sactus
1059 287 1121 339 (cf.
1155 286 1299 326 Tibulli
1332 287 1363 326 11
1394 285 1432 338 5)
1475 287 1569 326 adu-

52 361 206 401 lescens
251 360 469 400 octodecim
511 360 592 399 sere
630 371 822 398 annorum
861 355 1120 410 probabiliter
1157 359 1349 395 statuatur
1388 367 1408 394 a
1448 354 1572 393 Lach-

55 442 216 474 manno,
256 430 332 468 iam
372 428 506 480 paucis
544 427 657 466 annis
695 431 785 478 post
822 425 975 465 iuvenis
1012 425 1106 464 satis
1145 428 1253 463 recte
1285 421 1570 474 appellabatur.

54 498 101 536 M.
134 496 327 548 Ilauptius
370 495 474 535 obss.
521 495 622 534 critt.
663 507 700 546 p.
734 491 760 533 6
797 493 899 544 quod
931 491 1121 532 Merkelio
1168 489 1282 543 (prol.
1321 489 1371 529 ad
1414 489 1499 529 Ibin
1533 502 1569 540 p.

54 562 134 604 367
158 564 257 616 sqq.)
290 568 396 603 recte
427 562 653 602 adversatus
684 561 831 601 ‘multo
863 561 1074 612 posteriori
1104 560 1295 611 tempori'
1330 569 1446 609 quam
1477 557 1572 597 Cor-

56 631 147 671 nelii
186 631 284 671 Galli
328 634 509 669 ‘carmen
552 631 712 669 minime
758 628 907 667 bonum
952 625 1251 667 ascribendum’
1298 638 1383 665 esse
1427 624 1577 664 iudicat

57 711 171 750 quam
218 699 375 737 definiat
418 703 583 737 aetatem
629 698 774 736 nescio.
835 695 1034 736 Leutschii
1081 695 1308 747 opinionem
1348 694 1389 732 in
1428 691 1572 732 annall.

56 765 162 818 phill.
195 765 320 817 suppl.
347 765 431 804 lla.
468 762 574 804 1833
605 777 642 816 p.
666 762 751 804 620
779 763 827 803 de
860 763 1014 816 tripode
1044 763 1354 815 pronuntiatam,
1387 760 1574 800 Hadriani

55 832 299 885 temporibus
340 833 444 872 Cirin
482 838 645 884 propter
681 831 936 884 periodorum
974 831 1168 870 rationem
1207 829 1458 869 tribuendam
1491 840 1575 867 esse

56 901 290 941 refutatione
327 900 527 952 indignam
569 899 685 938 hodie
725 912 813 939 esse
857 899 970 938 duco.
1033 898 1136 950 quod
1175 902 1305 936 autem
1345 897 1387 935 in
1417 894 1576 935 scholiis

57 969 254 1008 Servianis
294 967 466 1007 Danielis
508 967 555 1006 ad
596 967 667 1006 ecl.
709 967 758 1006 VI
787 965 814 1007 3
852 967 1004 1006 incerto
1052 970 1214 1005 auctore
1260 969 1442 1004 narratur
1489 962 1576 1002 ‘alii

58 1031 226 1088 Scyllam
257 1038 370 1074 eum'
409 1034 649 1087 (Vergilium)
682 1033 882 1074 ‘scribere
913 1035 1091 1086 coepisse
1122 1033 1278 1078 dicunt,
1310 1033 1350 1071 in
1373 1044 1451 1084 quo
1472 1030 1576 1070 libro

60 1103 138 1142 Nisi
177 1108 215 1142 et
244 1103 384 1142 Minois
421 1103 525 1154 regis
565 1103 810 1142 Cretensium
850 1101 995 1141 bellum
1034 1100 1304 1141 describebat'
1343 1100 1404 1140 vel
1444 1100 1576 1138 fictum

59 1170 118 1209 vel
149 1170 287 1209 callide
317 1170 531 1210 adhibitum
563 1170 612 1209 ab
643 1183 690 1209 eo
721 1171 785 1221 qui
815 1171 1020 1222 supposito
1050 1168 1304 1208 illustrissimi
1336 1172 1478 1219 poetae
1504 1179 1575 1205 no-

59 1238 163 1276 mine
193 1238 232 1276 in
264 1237 440 1277 fraudem
473 1236 608 1289 vulgus
637 1237 795 1277 allicere
834 1237 994 1276 studuit.
1055 1249 1170 1276 verus
1200 1241 1337 1275 auctor
1365 1234 1578 1275 mediocris

58 1303 191 1343 nescio
222 1305 310 1354 quis
339 1310 453 1356 poeta
486 1305 569 1349 suit,
601 1305 667 1356 qui
698 1304 964 1356 despoliandis
993 1304 1143 1355 magnis
1165 1302 1402 1348 auctoribus,
1426 1300 1577 1342 Catullo

60 1372 225 1410 maxime
257 1376 295 1410 et
325 1370 512 1422 Vergilio,
554 1371 612 1410 vel
650 1371 856 1411 sublevare
894 1372 954 1410 sui
991 1372 1162 1423 inopiam
1202 1371 1348 1421 ingenii
1387 1369 1444 1408 vel
1477 1370 1578 1408 inter

60 1443 189 1478 vetera
219 1439 364 1490 scripta
395 1438 521 1478 locum
551 1438 651 1478 libro
681 1451 752 1477 suo
782 1451 1012 1490 comparare
1044 1438 1176 1478 voluit.
1227 1443 1403 1478 ceterum
1433 1449 1576 1476 nomen

60 1506 229 1544 auctoris
260 1507 404 1545 frustra
435 1518 618 1557 quaeres:
659 1506 756 1545 Iulio
785 1506 971 1545 Montano
1002 1506 1159 1557 quidem
1191 1517 1307 1557 quem
1339 1504 1421 1543 ‘vel
1451 1505 1576 1556 impa-

62 1572 170 1612 ribus
211 1574 386 1612 numeris
429 1573 488 1611 vel
523 1574 658 1624 aequis
701 1573 912 1621 ‘sufficere
951 1579 989 1612 et
1024 1573 1181 1624 gemino
1220 1573 1394 1612 carmine
1432 1583 1575 1611 nomen

62 1640 229 1679 habere’
269 1640 362 1679 dicit
392 1640 552 1680 Ovidius
582 1653 630 1679 ex
661 1641 784 1680 Ponto
815 1641 865 1679 IV
898 1638 969 1689 16‚·
997 1640 1046 1679 11
1079 1652 1150 1692 sq„
1192 1652 1285 1679 cave
1317 1653 1366 1679 ne
1396 1639 1575 1678 fraudem

60 1709 235 1759 iuputes,
275 1708 364 1759 quia
395 1707 658 1747 involaturum
690 1720 732 1746 se
764 1720 850 1747 esse
882 1707 1050 1759 Vergilio
1083 1707 1275 1758 quaedam
1308 1708 1341 1746 si
1373 1712 1411 1746 et
1442 1719 1576 1746 vocem

60 1779 192 1826 posset
222 1780 260 1813 et
290 1775 511 1827 hypocrisin
543 1775 686 1814 dixisse
716 1780 900 1814 narratur
929 1776 969 1814 in
1002 1777 1074 1814 vita
1107 1775 1344 1815 Suetoniana
1375 1788 1414 1826 p.
1445 1773 1497 1814 61
1531 1775 1576 1814 R.

60 1841 329 1881 obscuriorem
365 1843 486 1882 fuisse
528 1842 764 1894 putaverim,
805 1855 849 1881 ac
880 1843 1046 1882 fortasse
1077 1842 1190 1882 latuit
1226 1844 1330 1882 inter
1369 1843 1578 1881 ‘iuvenes’

59 1907 158 1954 illos,
191 1921 357 1960 quorum
390 1910 491 1960 quod
522 1910 666 1950 inedita
699 1923 791 1949 cura
823 1915 927 1949 esset
957 1910 1280 1962 adpellandorum
1302 1909 1356 1949 nil
1379 1909 1453 1949 sibi
1483 1910 1578 1949 iuris

61 1976 196 2015 adesse
226 1976 428 2028 professus
460 1982 518 2016 est
548 1977 705 2016 Ovidius
736 1990 769 2016 v.
800 1975 856 2018 39
886 1990 943 2030 sq.

172 2043 406 2083 Narraverat
446 2043 622 2094 (testibus
660 2045 860 2084 Eustathio
902 2051 940 2084 et
978 2045 1184 2084 scholiasta
1224 2045 1271 2084 ad
1305 2046 1474 2098 Dionysii
1505 2045 1577 2085 Pe-

62 2112 156 2161 rieg.
179 2108 274 2163 430)
309 2111 474 2150 eandem
505 2111 676 2151 fabulam
707 2114 748 2151 in
780 2112 1164 2165 metamorphosibus
1189 2113 1426 2153 Parthenius
1447 2120 1576 2166 poeta,

62 2179 126 2228 qui
156 2177 294 2217 Moreti
331 2191 486 2231 quoque
516 2179 655 2218 Graeci
692 2179 814 2231 idyllii
853 2186 991 2219 auctor
1029 2181 1148 2219 fuisse
1187 2180 1375 2226 traditur,
1414 2194 1488 2220 nec
1518 2183 1576 2220 in-

61 2245 303 2296 probabilem
342 2246 559 2286 Meinekius
598 2246 697 2286 anal.
739 2247 847 2286 Alex.
880 2260 917 2298 p.
949 2245 1032 2286 273
1070 2247 1166 2286 dicit
1203 2248 1342 2299 Heynii
1379 2250 1577 2288 coniectu-

61 2324 157 2356 ram,
190 2312 237 2350 ad
267 2312 371 2352 illius
403 2313 624 2364 exemplum
648 2314 826 2352 Latinum
858 2326 1017 2353 carmen
1049 2316 1309 2366 compositum
1339 2327 1438 2362 esse,
1472 2316 1576 2366 quod

62 2380 228 2418 sortasse
258 2379 358 2418 hauc
389 2381 514 2431 ipsam
546 2380 596 2419 ob
627 2393 782 2420 causam
814 2380 984 2431 Vergilio
1016 2386 1057 2419 ut
1086 2381 1244 2421 alumno
1274 2383 1475 2423 Parthenii
1507 2386 1576 2423 tri-

63 2445 198 2485 butum
236 2452 306 2485 est.
367 2459 602 2499 quamquam
634 2447 912 2487 Callimachum
950 2460 1124 2500 quoque,
1164 2462 1186 2488 a
1216 2450 1329 2490 cuius
1359 2452 1576 2491 imitatione

63 2520 239 2552 nostrum
271 2514 441 2553 alienum
473 2526 551 2553 non
583 2527 668 2555 esse
700 2516 883 2554 evincunt
913 2527 946 2554 ν.
969 2514 1050 2555 351
1082 2528 1154 2567 sq„
1185 2518 1225 2555 in
1257 2517 1375 2557 αἴτια
1407 2517 1575 2569 Scyllam

62 2581 275 2619 inseruisse
306 2593 352 2620 ex
383 2581 568 2622 Martialis
588 2582 622 2621 X
640 2580 668 2621 4
688 2582 934 2622 concluditur
960 2582 1022 2634 (cf.
1046 2582 1273 2623 Callimachi
1295 2585 1342 2624 fr.
1365 2586 1442 2624 inc.
1467 2583 1574 2636 184).

63 2652 101 2686 et
130 2648 280 2686 Gracco
311 2649 462 2688 auctori
492 2650 608 2688 etiam
638 2648 859 2702 Palaephati
890 2653 1305 2691 commemorationem
1336 2653 1383 2704 (ν.
1409 2650 1476 2704 88)
1509 2653 1575 2692 de-

63 2713 147 2753 beri
183 2717 418 2766 putaverim,
459 2716 538 2755 sive
579 2716 643 2755 ille
681 2722 795 2768 poeta
835 2718 916 2757 sive
953 2718 1190 2758 mirabilium
1223 2720 1392 2771 scriptor
1421 2720 1574 2760 intelle·

63 2781 211 2831 gendus
255 2788 326 2821 est.
386 2788 559 2822 ceterum
606 2783 781 2824 locorum
824 2791 862 2823 et
906 2786 1122 2826 insularum
1160 2799 1260 2838 quae
1299 2800 1332 2827 V.
1373 2786 1458 2828 470
1487 2801 1572 2841 sqq.

156 2858 337 2893 mannen,
364 2859 520 2883 venen..
549 2861 601 2884 iv.
1280 2853 1305 2883 9

1048 2895 1064 2914 Ι
1278 2883 1302 2896 Μ
