1884 3126
339 188 393 233 84
1009 208 1152 237 cunm.

446 316 486 353 in
517 315 786 356 Chalcodoniis
815 318 967 357 Admeti
996 319 1071 357 sata
1102 324 1248 358 morata
1279 325 1348 358 est.

449 399 560 433 ecce,
591 388 713 427 Ithaci
744 390 913 428 coniunx
943 402 1096 441 semper
1126 390 1243 429 decus
1272 390 1444 429 Icariotis
1744 393 1822 430 265

448 460 655 499 femineum
686 461 916 512 inconrupta
948 461 1066 501 decus
1096 467 1225 500 manet
1255 467 1293 500 et
1322 462 1459 512 procul
1488 462 1551 501 illa

446 531 559 571 turba
589 532 700 570 ferox
729 533 907 571 iuvenum
939 532 1026 572 telis
1057 534 1204 573 confixa
1233 546 1455 585 procorum.

445 603 556 655 quid,
589 604 730 643 misera
761 604 972 656 Eurydice,
1004 610 1109 644 tanto
1140 617 1317 644 maerore
1346 600 1501 650 recesti,

443 686 645 725 poenaque
675 681 874 726 respectus
902 682 939 715 et
969 688 1073 715 nunc
1103 682 1232 716 manet
1262 677 1440 728 Orpheos
1469 678 1508 715 in
1539 677 1603 715 te?

445 747 568 785 audax
596 746 660 785 ille
691 747 863 796 quidem,
897 748 961 797 qui
990 749 1122 787 mitem
1153 748 1350 788 Cerberon
1382 761 1561 800 umquam
1738 750 1819 787 270

445 818 610 859 credidit
639 823 704 857 aut
733 817 801 857 ulli
830 819 925 857 Ditis
954 819 1142 870 placabile
1172 832 1328 865 numen,

442 901 514 928 nec
544 890 669 928 timuit
697 889 976 940 Phlegethonta
1007 891 1200 930 furentem
1229 891 1454 931 ardentibus
1485 892 1611 937 undis,

442 973 514 999 nec
544 965 688 999 maesta
718 959 873 1000 obtenta
904 962 999 1001 Ditis
1029 963 1227 1013 ferrugine
1256 975 1376 1014 regna

442 1032 692 1083 defossasque
722 1032 859 1072 domos
889 1046 933 1072 ao
963 1034 1121 1073 Tartara
1153 1040 1266 1073 nocte
1296 1040 1454 1074 cruenta

443 1104 585 1149 obsita,
617 1116 689 1143 nec
719 1104 850 1144 faciles
882 1105 1037 1144 Dictaeo
1067 1105 1193 1144 iudice
1223 1106 1348 1150 sedes,
1740 1108 1818 1145 275

413 1272 493 1310 264
522 1274 557 1308 in
587 1263 834 1308 Chalcodoniis
859 1273 1082 1310 Dor-villius.-
1113 1274 1166 1320 cf.
1187 1274 1375 1320 Apollonii
1402 1274 1524 1310 Rhod.
1543 1273 1557 1308 I
1576 1266 1628 1310 49
1658 1273 1696 1309 In
1726 1274 1818 1310 chal-

330 1329 486 1365 cedoniis
516 1328 701 1364 ABCEPt
736 1328 775 1363 Iu
811 1327 1022 1364 ealcedoniis
1052 1329 1188 1365 FKYa
1225 1329 1264 1363 In
1300 1328 1518 1364 calcedoneis
1561 1329 1592 1365 V
1615 1329 1654 1364 In
1683 1329 1818 1364 calche-

329 1385 443 1420 doniis
474 1384 516 1419 H
541 1383 579 1418 ln
608 1383 874 1419 caleedemoniis
911 1385 925 1419 l
959 1383 1021 1419 Hic
1057 1383 1253 1419 alcedonias
1284 1393 1304 1421 ε
1333 1385 1408 1431 ipsa
1445 1384 1517 1419 suis
1547 1383 1626 1419 fatis
1656 1385 1819 1420 Bembus

414 1438 562 1474 admaeti
590 1439 625 1474 B
710 1437 780 1473 fata
809 1438 972 1481 Bembus
1011 1449 1093 1474 cura
1122 1437 1196 1474 Ωω
1245 1447 1251 1465 =
1279 1443 1414 1474 morata
1444 1443 1515 1479 est,
1555 1449 1752 1485 suprascr.
1785 1440 1819 1473 ai

330 1499 456 1541 negata
487 1494 516 1530 0
598 1493 677 1530 265
708 1505 776 1529 om.
809 1494 846 1528 E
898 1494 977 1529 itaci
1007 1494 1082 1531 Ηίε
1139 1495 1266 1529 coniux
1294 1494 1340 1529 Pl
1404 1504 1523 1540 sempe
1552 1506 1598 1530 m.
1631 1494 1666 1533 1,
1696 1505 1817 1541 sempe

330 1563 376 1586 m.
399 1560 478 1585 rec.
499 1550 535 1584 B
563 1548 710 1596 simplex
739 1549 908 1584 Kochius
989 1548 1095 1584 decus
1124 1549 1280 1584 Icariotis
1309 1543 1364 1588 αἱ,
1395 1549 1558 1584 Bembus
1587 1548 1693 1584 decus
1723 1549 1817 1584 icha-

330 1606 430 1640 riotis
472 1605 503 1640 V
535 1604 700 1639 decusiha
728 1604 816 1639 rotis
847 1604 883 1639 B
921 1603 1027 1639 decus
1055 1604 1204 1639 iharotis
1232 1603 1342 1640 APY
1366 1603 1506 1638 decusia
1535 1604 1642 1643 rotis,
1678 1606 1715 1640 in
1746 1615 1814 1651 my.

328 1661 343 1694 i
372 1660 528 1696 harentis
553 1659 581 1695 C
608 1659 715 1694 decus
746 1659 959 1706 hycariontis
987 1661 1000 1694 l
1030 1658 1146 1694 decus
1166 1659 1276 1694 enitet
1305 1659 1376 1694 oris
1397 1659 1440 1694 H
1446 1675 1455 1693 .-
1485 1659 1538 1705 cf.
1558 1659 1650 1694 Aen.
1673 1658 1715 1693 IV
1738 1659 1818 1695 150

330 1715 436 1751 decus
466 1725 531 1750 vna
561 1715 740 1749 charontis
762 1723 781 1750 ε
811 1713 909 1749 ducis
937 1713 1095 1749 Icariotis
1126 1725 1211 1750 cum
1231 1714 1366 1750 Bomio
1395 1714 1564 1750 Kochius
1656 1712 1734 1750 266
1765 1715 1817 1749 ἰη-

329 1775 496 1817 corrupta
525 1770 687 1805 Bembus
721 1773 914 1815 concoepta
945 1769 972 1804 0
1005 1774 1173 1815 consepta
1208 1768 1280 1803 Ψω
1348 1768 1406 1803 illa
1447 1769 1477 1804 V
1509 1766 1570 1803 illa
1600 1768 1701 1805 BCle
1737 1768 1816 1809 illa3

330 1826 372 1861 H
397 1825 490 1860 illam
511 1823 688 1864 AEPYa,
721 1824 884 1859 Bembus
969 1823 1047 1859 267
1077 1823 1160 1858 felix
1189 1825 1203 1858 l
1280 1823 1380 1858 taelis
1401 1823 1437 1857 B
1465 1829 1501 1858 te
1532 1823 1588 1858 uel
1617 1824 1665 1858 Pt
1732 1834 1816 1859 con-

330 1879 391 1915 lisa
420 1882 432 1915 l
518 1878 597 1915 268
626 1877 715 1921 Quid
744 1879 865 1914 BHV
890 1877 955 1921 Qui
987 1878 1127 1914 CEPY
1155 1876 1244 1920 Quin
1273 1878 1365 1923 Αεα,
1397 1878 1560 1913 Bembus
1589 1876 1663 1926 ng
1692 1880 1706 1913 l

329 1946 384 1970 me
413 1934 488 1970 sera
509 1935 546 1969 E
618 1933 771 1968 euridice
793 1933 859 1969 BC
870 1934 918 1970 Ve
949 1933 1090 1968 erudice
1110 1934 1150 1968 H
1159 1933 1205 1968 Yz
1279 1943 1417 1969 merore
1439 1932 1546 1969 BCH
1557 1933 1628 1968 VY
1642 1943 1814 1968 mermore

328 1991 360 2025 A
416 1990 544 2025 reeesti
574 1989 759 2024 Barthius
789 1990 871 2024 adv.
896 1988 967 2022 XXI
997 1987 1050 2024 20
1078 1989 1225 2023 recessit
1254 1986 1328 2023 Ωω
1414 1987 1492 2024 269
1522 1987 1615 2032 Pene
1647 1988 1677 2024 V
1730 1999 1814 2023 con-

330 2051 472 2092 spectus
502 2045 545 2080 H
618 2043 777 2091 Orpheos
807 2045 956 2089 scripsi.
990 2043 1119 2090 orphes
1149 2044 1183 2079 Y
1199 2043 1352 2090 orpheus
1378 2041 1461 2088 Ψω,
1484 2042 1648 2078 Bembus
1722 2054 1814 2078 nunc

327 2135 361 2169 in
393 2138 427 2168 te
463 2137 596 2177 manet,
637 2131 780 2178 Orpheu
817 2131 989 2179 Scaliyer
1074 2130 1154 2167 270
1183 2127 1341 2179 quidem]
1381 2130 1488 2166 suitl
1549 2112 1812 2177 mmitem'(su-

322 2199 478 2235 prascr.
517 2199 564 2223 m.
583 2186 634 2234 ,2)
664 2188 707 2223 Η
787 2186 957 2222 cerberon
986 2197 1140 2233 unquam
1169 2187 1307 2226 PVeoc,
1352 2186 1516 2222 Bembus
1545 2185 1684 2221 cer-bara
1714 2197 1814 2220 nnm-

329 2255 431 2291 quam
459 2245 472 2279 l
508 2242 650 2278 cerbera
685 2253 875 2289 numquam
901 2241 946 2276 Ψ
1033 2241 1110 2277 271
1142 2246 1201 2280 aut
1215 2241 1333 2287 Htw,
1372 2241 1536 2276 Bemlms
1565 2241 1649 2275 haut
1673 2241 1818 2276 AEPY

329 2299 420 2334 haud
451 2298 517 2334 BC
529 2298 558 2334 V
629 2297 680 2333 illi
709 2298 752 2333 H
782 2297 881 2332 illum
932 2297 963 2333 V
1050 2295 1129 2332 272
1160 2296 1389 2344 phlegetonta
1419 2296 1499 2331 ΒΥ
1528 2294 1748 2342 flegethonta
1787 2295 1815 2330 C

328 2388 522 2434 flegetonta
551 2386 593 2421 H
602 2386 644 2422 Vl
727 2385 901 2420 furentem
933 2384 1095 2421 Bembus
1123 2384 1240 2420 ferens
1278 2384 1314 2420 Y
1336 2383 1456 2419 furens
1491 2381 1563 2418 Ψω
1657 2382 1746 2418 unda
1783 2383 1818 2418 Y

411 2441 490 2489 273
520 2446 631 2476 mesta
660 2441 739 2476 BH
771 2445 884 2475 mestu
926 2441 959 2476 V
1037 2439 1180 2476 obtenta
1210 2440 1300 2481 HV,
1333 2439 1504 2486 Scaliyer
1540 2437 1678 2473 obtecta
1706 2439 1720 2473 l
1750 2436 1811 2473 ob-

329 2503 429 2533 tentu
463 2495 546 2541 Ψω,
581 2496 742 2531 Bembus
771 2494 953 2530 obtentum
983 2507 1008 2530 α
1073 2495 1149 2530 ditu
1186 2494 1222 2530 Y
1244 2494 1320 2529 diro
1350 2500 1385 2529 et
1415 2494 1580 2529 Bembus
1649 2492 1811 2539 ferugine

328 2587 370 2622 H
451 2597 598 2633 regnum
628 2597 652 2619 oc
760 2583 839 2619 274
869 2583 1030 2618 Defossas
1065 2584 1151 2629 νεα,
1182 2583 1345 2619 Bembus
1367 2548 1466 2618 Nego
1485 2567 1597 2617 fossas
1625 2580 1740 2627 (corr.
1761 2591 1807 2615 m.

328 2641 421 2687 rec.)
453 2642 488 2676 B
522 2641 591 2676 Nec
620 2640 733 2675 fossas
764 2638 870 2675 CFY
899 2637 983 2684 (Nec
1012 2638 1128 2674 fossos
1166 2639 1200 2675 Y
1232 2641 1324 2674 teste
1365 2636 1503 2683 Vossio)
1538 2635 1700 2671 Nesossas
1730 2636 1810 2670 ΑΡ(

328 2696 473 2732 Nesosas
504 2697 568 2731 ΕΖ
607 2695 678 2730 Nec
713 2694 822 2730 fessas
853 2694 895 2728 H
933 2693 1093 2729 cnel'osas
1132 2695 1227 2730 coni.
1257 2693 1309 2729 Is.
1352 2693 1500 2729 Vossius
1542 2690 1723 2737 depressas
1758 2689 1809 2724 Ia-

328 2784 468 2820 cobsius
502 2791 504 2793 ’
581 2783 660 2820 275
691 2794 734 2818 ne
762 2785 776 2819 l
833 2752 935 2818 sacihs
977 2783 1007 2818 V
1094 2781 1232 2817 Dictaeo
1263 2781 1434 2828 Scaliyer
1462 2779 1633 2815 ditissime
1663 2778 1700 2813 Ε
1727 2778 1807 2814 ditis

327 2841 413 2876 sime
443 2839 531 2886 Ωψ,
563 2839 746 2876 Bembus:
784 2837 837 2884 cf.
869 2838 961 2874 Aen.
994 2836 1036 2871 VI
1065 2836 1143 2874 431
1204 2835 1340 2872 uindice
1370 2836 1412 2872 H
