1884 3126
727 127 861 156 CAPUT
891 127 918 154 1.
1534 108 1584 151 11

62 245 102 284 in
140 244 228 284 sinu
265 243 402 283 matris
443 246 575 281 vectus
611 246 670 281 est
699 240 762 291 (cf.
795 238 943 280 Gellius
981 242 1019 277 et
1048 235 1226 277 Valerius
1256 236 1484 286 Maximus),
1525 235 1585 275 vel

63 313 156 352 inde
195 325 216 351 a
254 313 380 363 prima
417 309 580 361 Vergilii
616 309 780 348 infantia
815 309 921 348 inter
957 307 1156 346 Mantuam
1196 311 1234 345 et
1272 305 1508 344 Cremonam
1548 310 1586 344 et

65 381 236 421 Brixiam
266 378 409 419 ‘mulio
439 378 694 418 celerrimus'
727 377 827 416 cisio
855 388 926 415 suo
948 374 1080 415 volare
1109 379 1276 426 poterat.
1329 385 1432 412 anno
1453 378 1584 412 autem

65 447 145 489 711
178 450 358 488 iuvenem
396 446 530 498 viginti
563 457 632 485 sex
669 456 863 484 annorum
902 444 1007 482 inter
1037 441 1131 482 alias
1162 453 1305 492 nugas,
1350 440 1494 492 quibus
1523 441 1584 479 in-

67 516 188 556 dulsit
230 516 459 568 priusquam
490 513 539 553 ad
575 514 755 564 graviora
794 517 918 551 totum
950 511 1124 550 animum
1155 509 1415 554 adiunxisset,
1449 507 1586 559 quidni

67 584 138 624 hos
181 595 335 636 quoque
378 581 636 634 lepidissimus
678 579 831 619 iambos
876 579 1018 618 secisse
1067 576 1295 623 credamus,
1348 578 1585 628 praesertim

69 664 186 703 quem
208 650 461 691 Catullianam
493 650 629 701 poesin
660 654 742 688 tum
774 649 813 687 In
844 646 994 686 deliciis
1024 645 1210 684 habuisse
1233 652 1271 684 et
1301 645 1476 684 studiose
1497 646 1584 684 imi-

68 725 191 759 tatum
235 731 321 758 esse
359 723 419 757 sat
455 717 588 757 multis
627 715 816 768 exemplis
849 714 924 767 (ΙΙΙ.
958 714 1037 753 Vll.
1067 713 1182 752 Vllll.
1213 712 1585 764 Xlll).viderimus?

67 788 207 827 merito
235 787 355 837 igitur
375 784 553 836 ‘Vergilii
573 783 778 824 Sabinum'
803 782 972 822 laudavit
990 781 1268 821 Lachmannus
1288 781 1404 820 Lucr.
1427 795 1466 833 p.
1487 778 1583 821 326.

67 854 179 894 nihili
210 855 313 893 enim
343 853 469 892 sentio
502 865 590 892 esse
621 851 723 903 quod
754 850 1036 901 Hertzbergius
1068 849 1174 895 dicit,
1207 861 1287 888 non
1318 855 1397 888 tam
1420 850 1585 901 impium

66 923 185 962 fuisse
224 921 370 960 bonum
402 921 622 967 Maronem,
664 925 705 959 ut
734 931 827 959 suae
856 920 942 971 ipse
972 918 1144 969 patriae,
1186 917 1406 957 Cremonae
1436 916 1588 957 scilicet

61 990 249 1039 friqidcge
278 994 317 1028 et
345 991 501 1029 lutosae
530 987 678 1027 Galliae
710 985 776 1039 (12
807 985 906 1038 sqq.)
939 985 1042 1024 male
1074 985 1235 1024 diceret.
1287 996 1361 1024 nec
1392 986 1584 1036 originem

68 1056 255 1096 Gallicam
285 1056 436 1096 homini
466 1057 628 1101 Picenti,
661 1055 728 1105 qui
759 1060 894 1106 postea
926 1054 973 1106 (v.
1006 1051 1044 1104 8)
1076 1053 1222 1093 Sabini
1249 1053 1485 1104 cognomine
1515 1052 1585 1091 ho-

69 1125 351 1164 norificentiori
397 1123 530 1163 maluit
575 1121 784 1175 appellari,
831 1122 988 1161 crimini
1035 1120 1120 1166 dat,
1167 1126 1210 1160 ut
1256 1120 1322 1160 ille
1367 1120 1468 1166 vult,
1515 1121 1585 1160 sed

69 1192 284 1232 mulionem
314 1191 419 1230 ridet
449 1190 649 1230 consulem
680 1191 839 1230 factum.

179 1259 430 1310 Epigramma
459 1258 548 1304 XII,
587 1264 629 1297 ut
665 1258 825 1309 Hauptii
863 1256 955 1309 (ind.
995 1257 1101 1296 lectt.
1134 1257 1264 1296 Berol.
1300 1255 1406 1297 1859
1443 1271 1482 1310 p.
1521 1257 1584 1309 1⁴2)

68 1327 184 1366 verba
214 1339 299 1366 mea
331 1327 484 1372 faciam,
517 1325 588 1365 ‘ad
618 1325 880 1365 Mithridatem
911 1326 1111 1377 pertinere
1142 1324 1387 1376 probabilior
1417 1325 1585 1366 aliorum

67 1394 320 1446 opinionibus
362 1406 491 1445 neque
535 1400 666 1433 tamen
710 1394 817 1432 omni
855 1392 1098 1432 dubitatione
1136 1405 1254 1431 vacua
1294 1395 1490 1432 sententia
1530 1399 1588 1433 est

66 1461 313 1502 Ruhnkenii'
346 1461 393 1500 ad
416 1460 510 1500 Vell.
534 1460 567 1500 ΙΙ
590 1459 655 1505 18,
677 1459 716 1506 3,
750 1462 811 1500 cui
842 1461 1007 1512 praeivit
1028 1460 1224 1511 Scaliger:
1256 1473 1346 1499 nam
1378 1474 1450 1501 nec
1470 1461 1586 1501 Pom-

67 1531 179 1581 peius
215 1530 340 1579 (cuius
379 1529 618 1580 epitaphium
651 1528 736 1567 vide
766 1528 870 1580 apud
901 1529 1102 1579 Meyerum
1133 1527 1279 1567 anthol.
1313 1541 1352 1568 n.
1386 1527 1480 1582 730)
1513 1542 1587 1569 nec

67 1597 256 1637 Antonius
294 1595 354 1635 vel
390 1608 556 1647 regnum
595 1596 641 1648 (v.
677 1594 712 1647 1)
744 1595 922 1647 possedit
959 1595 1018 1634 vel
1056 1596 1306 1635 ‘servitium’
1346 1597 1494 1636 Romae
1524 1604 1585 1637 tu-

68 1664 160 1704 lisse
197 1663 256 1703 vel
299 1663 459 1715 ‘pulsus
495 1665 538 1702 in
576 1663 760 1703 exilium'
807 1663 967 1716 proprie
1005 1664 1082 1703 dici
1119 1669 1286 1715 poterat.
1348 1678 1586 1716 quamquam

67 1731 310 1772 Mithridates
346 1743 502 1782 quoque
541 1733 758 1783 permirum
805 1737 864 1770 est
902 1731 1008 1782 quod
1052 1730 1208 1770 ‘subito
1248 1731 1379 1771 medio
1418 1734 1459 1772 in
1498 1747 1584 1774 cer-

67 1801 212 1839 tamine
244 1812 435 1851 praeceps
465 1800 685 1839 corruisse'
718 1799 880 1847 dicitur,
921 1811 1010 1838 cum
1043 1806 1226 1851 coeptum
1257 1801 1307 1839 sit
1337 1799 1484 1841 bellum
1515 1803 1585 1842 Mi—

66 1867 316 1907 thridaticum
354 1880 389 1906 a.
421 1865 523 1912 666,
570 1867 724 1906 finitum
770 1867 928 1906 demum
974 1872 1102 1906 morte
1141 1868 1247 1906 senis
1285 1880 1318 1906 a.
1358 1866 1454 1908 691.
1515 1870 1585 1908 sed

66 1935 185 1974 alium
222 1936 260 1974 in
299 1947 415 1986 quem
453 1934 597 1973 melius
634 1935 732 1975 haec
769 1936 898 1974 omnia
937 1935 1178 1987 quadrarent
1214 1935 1360 1974 frustra
1392 1938 1584 1988 quaesivi·

66 2015 167 2041 mus.
216 2007 344 2054 potest
374 2007 502 2041 autem
533 2003 792 2054 epigramma,
825 2003 938 2055 quod
959 2003 1120 2054 imagini
1150 2004 1258 2054 regis
1289 2003 1487 2043 subscribi
1519 2018 1584 2044 vo-

66 2069 137 2109 luit
165 2075 312 2114 auctor,
345 2069 468 2109 multo
497 2076 587 2122 post
618 2071 763 2110 exitum
795 2071 877 2110 eius
907 2071 1051 2109 factum
1084 2083 1170 2109 esse
1201 2076 1340 2122 estque
1369 2083 1441 2122 per
1461 2085 1503 2111 se
1526 2073 1583 2112 vel

66 2139 213 2188 optimo
243 2142 358 2188 poeta
388 2137 562 2188 dignum.
621 2144 831 2189 argenteae
861 2138 1098 2177 Mithridatis
1129 2142 1281 2177 statuae
1311 2140 1352 2178 in
1384 2140 1584 2192 triumpho

64 2203 227 2256 Pompei
258 2204 508 2244 circumlatae
538 2206 782 2245 mentionem
814 2205 907 2244 fecit
937 2205 1086 2244 Plinius
1116 2218 1154 2244 n.
1180 2205 1218 2244 h.
1251 2205 1375 2246 XXlII
1399 2205 1463 2252 12,
1489 2206 1581 2247 151.

177 2270 351 2322 Elegiam
381 2272 429 2311 ad
459 2271 679 2312 Messallam
714 2272 839 2323 (catal.
871 2273 950 2322 XI),
980 2284 1216 2324 quamquam
1247 2275 1288 2313 in
1320 2274 1458 2314 eodem
1488 2289 1583 2327 poe-

67 2342 194 2377 tarum
225 2344 339 2377 coetu
370 2343 459 2378 nata
492 2344 560 2384 est,
592 2341 634 2378 in
665 2352 740 2391 quo
771 2340 1002 2379 versabatur
1022 2340 1227 2391 Vergilius,
1260 2347 1391 2382 tamen
1422 2356 1503 2383 non
1535 2344 1583 2384 ab

66 2404 141 2444 hoc
170 2406 354 2456 scriptam
387 2418 474 2445 esse
495 2412 644 2445 certum
669 2406 831 2446 videtur,
883 2407 1015 2447 docuit
1037 2409 1141 2447 enim
1169 2410 1245 2448 iam
1269 2409 1444 2461 Scaliger
1471 2413 1583 2451 initio

66 2473 151 2511 eius
188 2471 365 2511 versibus
401 2471 427 2512 3
459 2486 542 2525 sqq.
583 2475 795 2525 significari
832 2475 881 2514 M.
914 2474 1054 2515 Valerii
1097 2475 1301 2517 Messallae
1340 2477 1496 2518 Corvini
1536 2492 1582 2519 ex

65 2538 188 2578 Gallia
234 2539 479 2592 triumphum
515 2554 550 2580 a.
591 2541 626 2580 d.
669 2542 735 2581 VII
765 2542 847 2581 Kal.
889 2542 974 2582 Oct.
1014 2544 1105 2582 anni
1138 2541 1217 2583 727
1257 2550 1402 2584 actum.
1464 2559 1582 2598 quem

61 2619 156 2655 senne
186 2607 226 2646 in
257 2608 384 2646 Africa
415 2607 643 2648 militavisse
675 2610 721 2661 (v,
743 2607 811 2660 52)
844 2615 882 2649 et
910 2611 951 2649 in
971 2610 1158 2661 Hispania
1185 2611 1232 2650 ad
1264 2612 1412 2664 Tagum
1443 2614 1489 2664 (v.
1511 2613 1580 2666 53)

65 2680 102 2713 et
138 2673 239 2713 ultra
276 2673 421 2714 Oceani
464 2675 562 2715 adeo
607 2677 704 2715 fines
742 2677 788 2729 (v,
823 2675 890 2725 54)
934 2679 974 2717 in
1020 2678 1265 2718 Britanniam
1315 2683 1581 2732 penetravisse

65 2741 248 2781 traditum
287 2755 365 2782 non
406 2749 484 2788 est;
526 2743 595 2782 scd
635 2757 714 2783 non
751 2751 830 2784 tam
868 2746 916 2784 ad
959 2746 1088 2798 ipsum
1134 2759 1250 2799 quam
1295 2747 1343 2786 ad
1381 2749 1582 2790 Messallas

65 2813 230 2847 cunctos
258 2808 355 2849 haec
386 2810 595 2864 referenda
625 2818 760 2852 monet
789 2812 951 2865 pluralis
981 2826 1170 2857 numerus
1202 2828 1235 2857 v,
1267 2814 1324 2856 40
1353 2823 1579 2869 usurpatus
