1884 3126
810 126 928 154 com.
1549 114 1628 155 133

221 247 279 282 est
310 241 443 292 tuguri
474 244 616 286 custos,
650 243 823 279 armatus
852 237 951 278 falce
980 237 1142 288 saligna,
1575 242 1627 279 23

275 314 343 354 sed
375 319 480 354 vasto
511 325 591 352 non
622 317 682 352 est
703 313 867 364 inguine
898 310 1102 351 terribilis.

219 389 296 428 huc
325 387 491 441 calybita
523 387 626 426 veni:
658 386 784 426 lassus
814 387 892 425 iam
922 384 1039 424 sudat
1068 383 1232 428 asellus;
1574 388 1625 425 ‘25

263 474 393 515 ,parce
422 460 500 507 illi,
531 459 671 500 Vestae
702 459 882 499 delicium
915 463 974 498 est
1004 459 1150 498 asinus.

218 548 321 575 nuuc
351 538 468 574 cantu
499 534 640 574 crebro
670 539 859 585 rumpunt
889 531 1050 572 arbusta
1080 531 1251 578 cicadae,

273 621 377 648 nunc
409 609 511 647 varia
542 608 581 647 in
612 606 739 658 gelida
770 618 888 658 saepe
918 604 1201 646 lacerta‘latet.

216 684 249 723 si
278 683 401 734 sapis,
434 682 579 721 aestivo
608 679 804 720 recubans
834 684 874 719 te
903 678 1043 732 prolue
1075 680 1173 718 vitro

271 768 340 795 seu
371 756 426 795 vis
457 753 636 807 crystallo
667 754 772 793 ferre
803 766 924 793 novos
955 752 1108 792 calices.
1340 784 1352 785 ἶ
1571 756 1626 793 30

215 829 303 868 heia
333 840 405 880 age
435 829 642 881 pampinea
672 827 799 867 fessus
828 827 1036 879 requiesce
1066 825 1140 865 sub
1171 826 1308 866 umbra

273 907 311 942 et
340 901 542 954 gravIdum
574 913 689 941 roseo
720 906 835 940 necte
866 904 984 952 caput
1012 899 1201 952 strophio,

215 977 413 1016 formosus
445 980 604 1015 tenerae
635 974 853 1026 decerpens
883 986 952 1013 ora
981 972 1147 1025 puellae.

272 1062 292 1088 a
323 1054 461 1101 pereat
490 1049 582 1101 quoi
613 1053 704 1088 sunt
733 1048 861 1100 prisca
891 1046 1121 1100 supercilia!

189 1210 240 1248 23
262 1210 333 1247 Etl
418 1211 552 1246 siustos
571 1211 682 1254 (teste
707 1209 852 1251 Vossio)
880 1207 916 1244 Y
998 1207 1050 1244 24
1071 1208 1134 1245 sed
1158 1213 1260 1245 uasto
1279 1219 1354 1244 non
1371 1214 1427 1245 est
1447 1211 1484 1245 in
1503 1210 1623 1246 litura

105 1268 339 1305 colbertinus
359 1265 397 1312 4,
430 1265 628 1312 Hauptius
657 1265 719 1301 sed
750 1275 823 1301 non
855 1270 891 1301 et
921 1269 1024 1301 uasto
1046 1270 1102 1301 est
1122 1264 1237 1301 BHP
1249 1266 1279 1302 V
1286 1265 1422 1312 ῩΖίεα,
1456 1268 1558 1313 quod
1583 1278 1623 1302 ec

102 1325 301 1360 scribendo
332 1325 434 1359 tueri
462 1323 646 1359 conabar.
679 1321 742 1357 sed
772 1332 846 1357 non
876 1325 912 1357 et
941 1327 1043 1358 uaste
1063 1322 1098 1358 R
1129 1321 1287 1358 sednon
1308 1326 1344 1357 et
1366 1327 1469 1358 uasto
1491 1322 1625 1359 MTW

186 1379 237 1416 25
269 1379 345 1415 Huc
368 1377 582 1416 GVZffllea
612 1377 702 1414 Huic
722 1377 873 1414 ABPY
899 1376 1002 1425 [lunc
1021 1378 1066 1413 Η
1154 1377 1304 1426 calybita
1337 1378 1575 1416 Colberlinus
1597 1380 1620 1415 2

101 1435 237 1472 calibita
266 1435 495 1472 ABHPRY
520 1434 695 1482 chalyhita
716 1434 853 1471 MTW
877 1433 1024 1471 calihida
1057 1435 1089 1471 V
1115 1434 1259 1471 alihulla
1291 1435 1321 1471 Z
1349 1435 1476 1471 alibida
1505 1438 1541 1474 ῖε
1572 1436 1621 1472 al-

99 1492 180 1529 bida
202 1493 232 1530 G-
253 1492 295 1528 ad
315 1492 384 1529 liba
405 1504 430 1527 oc
450 1490 621 1540 cybelista
636 1491 915 1539 Hertzberyius
1000 1492 1098 1528 uenit
1119 1491 1156 1527 P
1228 1492 1343 1527 lassus
1359 1491 1516 1529 AHMT
1523 1493 1570 1529 W
1579 1493 1619 1539 Y,

100 1561 169 1586 om.
200 1550 253 1591 P;
289 1551 375 1586 item
406 1560 488 1589 om„
530 1549 598 1585 sed
625 1560 671 1584 m.
705 1558 786 1584 rec.
815 1550 916 1584 inter
953 1547 1058 1584 sudat
1087 1552 1123 1584 el
1152 1547 1284 1584 asellus
1315 1559 1519 1595 suprascr.
1552 1549 1621 1586 sal-

99 1617 160 1642 sus
191 1606 228 1641 B
256 1606 369 1641 salsus
401 1614 421 1643 ε
450 1605 570 1653 lapsus
601 1603 785 1641 R‘sessus
828 1604 965 1641 Vthoc
1057 1604 1159 1641 sedet
1199 1605 1229 1642 V
1312 1605 1464 1652 qasellus
1496 1605 1541 1641 II

100 1661 152 1699 26
184 1662 311 1698 Vestae
347 1663 399 1699 Is.
452 1662 604 1699 Vossius
641 1662 693 1697 ad
729 1660 865 1698 Catull.
903 1673 942 1708 p.
987 1660 1065 1698 165
1105 1666 1248 1698 uestrae
1285 1661 1370 1698 ΡΨ
1402 1668 1523 1713 υθεῑῑς
1561 1663 1619 1701 Be

99 1736 163 1802 ui}
202 1752 237 1788 Y
271 1763 334 1788 ure
370 1752 403 1787 Α
433 1755 557 1787 uestrfl
594 1753 650 1787 lta
693 1755 858 1787 nostrum
897 1751 1003 1788 GVZ
1038 1752 1153 1787 nostri
1198 1751 1329 1789 ‘velus
1372 1744 1617 1790 membrunu'

98 1808 148 1856 (h.
173 1819 204 1845 e.
229 1807 361 1855 Conlii)
393 1812 486 1844 teste
508 1808 719 1856 Scaliyero,
752 1807 892 1844 Baluz.
982 1807 1148 1844 delicium
1171 1809 1263 1846 Zteoc
1294 1809 1424 1845 deliciu
1453 1806 1526 1860 sss,
1569 1823 1614 1846 m.

100 1877 178 1902 ree.
219 1864 376 1900 dilicium
414 1865 450 1900 B
487 1863 644 1900 dilicium
680 1863 758 1900 ΡΥ
789 1863 950 1900 delitium
994 1865 1040 1901 Vl
1074 1864 1220 1901 deliciae
1257 1865 1338 1901 MT
1370 1866 1495 1902 delicie
1526 1867 1622 1903 RW

181 1921 289 1957 Parce
325 1921 377 1957 illi
414 1920 541 1956 idelice
579 1926 635 1956 est
672 1921 791 1956 asinus
830 1925 952 1956 uestre
983 1919 1027 1955 H
1166 1920 1237 1958 27:
1279 1922 1332 1969 cf.
1363 1933 1421 1971 qe.
1461 1922 1506 1958 111
1537 1923 1618 1960 328

183 1977 285 2013 llunc
306 1977 349 2012 H
430 1975 586 2013 c.reb1·o
609 1975 738 2022 (erasa
761 1975 792 2024 c)
815 1977 851 2012 B
942 1978 1127 2025 rumpiunt
1148 1977 1184 2012 B
1204 1979 1354 2026 cupiunt
1375 1979 1411 2015 R
1490 1979 1620 2027 cycade

98 2035 192 2071 RW
220 2033 338 2069 cicade
377 2033 413 2069 Y
523 2032 574 2070 28
606 2034 702 2068 uaria
731 2033 768 2068 in
803 2032 848 2068 Ψ
875 2034 1032 2069 uerearia
1064 2033 1108 2068 H
1136 2045 1220 2070 uere
1249 2035 1286 2070 in
1316 2035 1498 2073 ABPYte
1531 2047 1618 2072 uero

99 2092 134 2126 in
174 2095 278 2127 vetus
314 2090 534 2126 membrana
574 2089 694 2126 Conlii
730 2090 835 2125 etiam
874 2090 910 2125 in
949 2090 1094 2126 GVZloc
1132 2101 1237 2126 verna
1273 2091 1309 2126 in
1347 2092 1394 2127 N.
1428 2091 1615 2128 Heinsius

99 2157 246 2195 veprum
273 2146 469 2193 Hauplius
498 2146 618 2182 viridis
648 2146 901 2183 Burmannus
1012 2157 1117 2194 saepo
1150 2147 1269 2187 Gaib„
1304 2158 1388 2184 cum
1418 2148 1464 2184 N.
1496 2147 1617 2184 Hein-

98 2205 153 2239 sio
192 2203 441 2239 Burmannus
478 2207 514 2239 et
551 2202 748 2249 Hccuplius
790 2213 875 2250 sepe
915 2201 1150 2238 Colberlinus
1187 2202 1212 2237 4
1252 2203 1336 2239 sede
1376 2207 1498 2241 ceteri
1531 2206 1621 2241 libri

182 2259 320 2295 locusta
358 2257 488 2296 ‘velus
517 2260 761 2295 nzembrccnu’
802 2259 922 2295 Conlii
1020 2258 1121 2294 sedet
1152 2260 1363 2296 deteriores
1393 2262 1564 2308 quidum,
1598 2271 1617 2299 ε

183 2315 235 2352 29
268 2321 302 2351 te
334 2315 432 2352 Colb.
467 2315 510 2355 3,
551 2315 727 2362 Scaliqer
763 2313 872 2360 (Vioc
904 2317 1016 2350 etiam
1053 2316 1255 2362 confirmat
1286 2319 1434 2363 scriptu
1463 2319 1578 2354 lectio
1590 2317 1617 2364 ³)

98 2371 199 2408 Nunc
230 2371 265 2407 B
294 2382 389 2406 nuuc
419 2373 546 2407 ceteri*
565 2372 654 2407 libri
804 2370 858 2407 30
887 2369 1039 2406 Seuuius
1080 2371 1114 2406 1⁷
1235 2373 1404 2422 crystallo
1436 2374 1491 2409 Zoc
1528 2375 1616 2410 cris-

99 2427 183 2464 tallo
224 2428 276 2464 W
317 2427 473 2463 cristalle
508 2427 616 2463 ABP
657 2426 831 2462 cristallae
878 2427 913 2463 Y
952 2427 1099 2463 cristalli
1149 2427 1308 2465 HMRT
1349 2430 1522 2466 christalli
1569 2431 1616 2466 W

183 2483 284 2519 sei-ue
322 2483 358 2519 Y
439 2494 536 2519 nouo
567 2483 603 2518 P
721 2482 793 2519 31:
825 2483 877 2530 cf.
911 2483 1110 2530 Calpurnii
1137 2487 1207 2522 ecl.
1240 2484 1283 2520 Xl
1313 2484 1366 2522 46
1461 2485 1521 2522 Eia
1564 2486 1617 2524 ἵε

99 2539 299 2575 Ilia-ABP
327 2539 421 2575 llaec
451 2539 530 2575 MT
556 2538 628 2575 [lec
667 2539 717 2575 W
742 2538 805 2574 llic
836 2538 950 2584 ΗΖα,
984 2544 1024 2576 ut
1054 2543 1092 2577 in
1124 2540 1325 2588 Calpurnii
1351 2543 1377 2578 l.
1410 2544 1434 2579 l.
1467 2542 1547 2579 Huc
1589 2544 1619 2580 V

82 2595 170 2632 'Nec
200 2596 234 2632 R
267 2595 367 2631 Nunc
396 2597 407 2631 l
538 2595 590 2632 32
621 2593 748 2631 strofio
780 2595 953 2633 BMTW
978 2597 1120 2644 trophio
1165 2597 1196 2634 V
1222 2597 1352 2634 scrofio
1384 2599 1420 2635 R
1450 2600 1611 2647 stripheo

100 2651 144 2686 Η
235 2652 286 2689 33
318 2651 512 2687 Formosus
542 2653 615 2688 duo
657 2651 830 2688 Vossiani
858 2656 950 2688 leste
981 2652 1218 2699 Burmanno,
1250 2663 1281 2695 ε,
1314 2656 1370 2691 ed.
1415 2655 1612 2692 Vicentinu

101 2706 282 2744 Formosis
314 2709 419 2744 Gaib.
453 2707 627 2743 Funiosus
658 2707 796 2744 Dresa.
837 2707 1047 2744 Formosum
1078 2712 1199 2746 ceteri
1225 2711 1316 2746 libri
1425 2717 1548 2748 tenere
1584 2713 1618 2748 Y

184 2763 353 2812 decerpi-IS
383 2767 395 2801 l
426 2764 596 2812 decerpes
628 2773 674 2801 εα
762 2763 908 2800 candida
938 2764 1116 2801 formosae
1145 2765 1340 2815 decerpens
1372 2767 1538 2804 Bembus
1568 2771 1614 2804 (le

104 2821 178 2856 cul.
214 2821 323 2869 Very.
353 2833 393 2868 p.
420 2820 484 2862 85,
516 2822 584 2857 sed
610 2821 747 2857 librum
778 2823 994 2858 antestatus
1023 2822 1167 2859 nullum
1282 2822 1334 2860 34
1365 2823 1392 2858 A
1421 2829 1544 2872 pereat
1571 2825 1613 2871 Y,
