1884 3126
308 149 387 179 XVI
919 149 1190 195 PRAEFATIO.

308 258 456 299 cundis
495 259 607 300 curis
646 258 963 300 emendandum
992 260 1126 300 fuisse
1163 259 1235 314 qui
1278 259 1490 300 censuerit
1527 260 1592 314 (ut
1626 260 1801 302 fuerunt

277 344 281 346 -
307 315 380 369 qui
399 314 653 368 censerent),
674 315 714 354 ei
732 314 838 355 nihil
865 314 1063 370 equidem
1082 314 1262 355 habeam
1284 314 1399 369 quod
1418 327 1644 370 opponam.
1673 316 1800 370 plane
1849 355 1852 357 ,

307 368 542 410 absurdum
579 383 672 409 esse
701 368 898 410 Nauckio
938 384 1025 411 non
1061 369 1313 410 concedam:
1351 383 1451 409 nam
1486 383 1639 411 cornea
1675 377 1802 425 porta

310 419 406 464 cum
434 423 598 465 umbris
628 430 793 465 tantum
830 438 938 479 quae
968 424 1023 464 ad
1059 424 1220 465 inferos
1251 423 1485 479 paullisper
1514 424 1801 476 escenderent,

310 479 386 520 sed
416 489 516 520 mox
545 479 759 519 rediturae
780 485 943 531 essent,
973 485 1141 534 pateret
1161 493 1238 519 nec
1260 479 1485 533 praeberet
1503 486 1673 534 praeter
1692 481 1800 520 hanc

309 540 351 574 et
381 535 580 586 alteram,
611 548 696 588 qua
725 534 826 574 ficta
854 534 1102 575 umbrarum
1140 534 1369 574 simulacra
1407 533 1644 587 evolarent,
1676 537 1802 575 tertia

309 589 493 641 exitum,
526 603 629 629 sane
659 589 853 643 quamvis
884 589 1020 630 invito
1050 603 1127 644 per
1156 589 1386 630 eburneam
1415 589 1679 631 redeundum
1711 598 1802 631 erat

241 692 250 696 χ
308 644 502 695 Aeneae,
538 657 617 684 nec
646 643 900 696 verendum,
931 650 979 685 ut
1007 645 1069 685 ait
1098 643 1317 699 Heynius,
1347 659 1400 685 ne
1430 646 1566 686 omnis
1597 660 1653 686 ex
1680 659 1800 700 prae-

309 698 573 740 stantissimo
605 698 795 754 episodio
825 705 1027 754 percepta
1055 699 1252 754 voluptas
1283 706 1499 755 tamquam
1527 714 1640 742 vana
1670 706 1712 741 et
1740 701 1799 740 in-

309 754 400 794 anis
433 752 706 795 dilaberetur.
746 768 882 809 neque
904 755 1015 794 enim
1036 768 1144 809 quae
1166 755 1275 796 vidit
1295 761 1424 810 atque
1445 755 1611 796 audivit
1630 756 1800 796 Aeneas

309 808 424 863 apud
452 808 611 854 inferos
643 823 698 849 ex
726 816 850 864 porta
870 808 944 849 illa
963 815 1179 864 tamquam
1210 809 1344 850 ‘falsa
1363 810 1597 851 in'somnia'
1628 810 1683 851 ad
1704 824 1800 850 eum

308 870 591 919 pervenerant
620 870 694 904 aut
722 865 814 918 ipse
834 866 1003 905 Aeneas
1023 870 1139 916 tunc,
1170 879 1265 905 cum
1286 879 1339 906 ex
1360 864 1471 906 Orco
1501 871 1799 917 reverteretur,

309 920 493 975 primum
522 918 632 959 inter
661 918 863 960 mortales
895 918 1152 960 dormientes
1178 933 1227 960 ac
1257 919 1515 967 somniantes
1546 920 1642 962 illos
1672 934 1800 976 appa-

309 975 413 1027 ruit,
443 980 491 1014 ut
520 988 545 1014 a
574 974 851 1028 vigilantibus
881 988 958 1029 pro
988 973 1119 1015 nihilo
1149 974 1298 1015 haberi
1325 982 1483 1029 posset.
1532 981 1699 1030 portam
1729 990 1800 1015 au-

310 1036 395 1070 tem
427 1030 462 1069 si
493 1029 621 1069 semel
651 1029 1000 1071 commemoravit
1028 1028 1268 1083 VergiliuS,
1299 1032 1375 1071 vix
1403 1036 1571 1085 poterat
1599 1045 1686 1072 non
1715 1030 1801 1071 Ho-

309 1085 414 1125 meri
450 1085 691 1124 meminisse
728 1085 901 1139 eiusque
939 1084 1254 1136 auctoritatem,
1308 1091 1512 1140 quantum
1550 1100 1573 1126 e
1609 1099 1655 1125 re
1694 1091 1799 1135 erat,

311 1154 355 1181 se
385 1139 444 1180 ui.
484 1152 583 1193 ergo
614 1139 800 1194 antiquis
831 1140 1036 1192 testibus,
1067 1140 1140 1194 qui
1159 1139 1234 1180 hos
1256 1154 1406 1180 versus
1427 1139 1496 1181 vel
1517 1139 1802 1181 laudaverunt

310 1155 385 1236 vel
408 1199 456 1235 ut
485 1194 702 1235 Ausonius
733 1195 778 1234 in
807 1194 1006 1249 cupidine
1037 1194 1153 1235 cruci
1182 1194 1325 1235 adfixo
1355 1210 1397 1235 v.
1431 1195 1508 1235 103
1540 1196 1599 1250 (p.
1633 1195 1711 1236 166
1732 1195 1817 1250 Β.)

310 1250 464 1290 imitati
494 1255 612 1301 sunt,
643 1248 901 1290 credendum
930 1263 1023 1290 esse
1054 1249 1182 1289 etiam
1201 1264 1313 1290 nunc
1333 1256 1451 1305 puto,
1482 1251 1675 1305 quamvis
1706 1264 1802 1305 pro-

309 1311 531 1360 perantem
561 1311 604 1345 et
631 1304 742 1344 male
773 1304 1012 1346 consultum
1041 1310 1211 1359 poetam
1240 1304 1285 1344 in
1314 1305 1380 1345 his
1410 1319 1655 1359 agnoscam.

420 1363 551 1401 Arun
561 1363 640 1400 del
648 1364 790 1400 ianas
819 1358 1001 1413 Vergilii
1029 1359 1228 1412 schedas,
1251 1359 1303 1400 de
1323 1360 1477 1415 quibus
1498 1359 1668 1402 Pertzio
1690 1364 1800 1401 teste

310 1416 354 1456 in
383 1414 574 1470 prolegg,
604 1429 646 1469 p.
677 1415 757 1455 361
787 1415 952 1466 monui,
992 1429 1077 1456 non
1103 1414 1148 1454 in
1177 1429 1322 1455 museo
1351 1415 1621 1467 Britannico,
1653 1415 1729 1456 sed
1757 1416 1801 1455 in

311 1470 489 1524 collegio
530 1469 745 1511 heraldico
791 1470 884 1511 sive
926 1483 1138 1511 armorum
1173 1469 1288 1524 quod
1322 1469 1509 1510 Londini
1544 1476 1609 1511 est
1655 1476 1801 1510 extare

309 1539 423 1566 nunc
459 1524 661 1566 Guilelmi
696 1524 906 1579 Wagneri
942 1524 1095 1565 litteris
1131 1539 1170 1564 a.
1209 1524 1250 1564 d.
1285 1524 1326 1564 V
1363 1524 1461 1565 Kal.
1499 1525 1604 1565 Dec.
1643 1525 1699 1565 ad
1734 1538 1802 1564 me

312 1582 424 1622 datis
455 1579 652 1636 comperi.
724 1580 768 1620 ui
797 1594 895 1621 cum
924 1579 1018 1620 illas
1039 1579 1324 1634 indagaverit,
1354 1593 1454 1620 mox
1474 1594 1519 1620 se
1539 1579 1682 1622 varias
1702 1578 1802 1620 inde

312 1637 543 1692 scripturas
573 1635 617 1675 in
642 1635 718 1698 phi
736 1634 926 1690 ologicae
956 1635 1171 1676 societatis
1192 1649 1301 1690 quae
1327 1635 1527 1676 dicuntur
1554 1635 1802 1676 transactio-

310 1691 436 1732 nibus
467 1695 811 1745 composlturum'
831 1704 924 1732 esse
952 1690 1176 1745 promittit.
1483 1706 1490 1709 κ

421 1756 568 1798 Mense
597 1755 849 1798 Novembri.
908 1771 911 1773 ·

877 1979 1055 2029 Insunt
1093 1979 1236 2028 haec:

312 2080 593 2122 Prolegomenon
614 2090 693 2122 cap.
706 2080 724 2112 Ι
744 2079 788 2111 de
808 2079 1057 2121 opusculorum
1071 2087 1163 2122 quae
1175 2080 1339 2112 feruntur
1350 2079 1638 2122 Vergilianorum

741 2124 858 2156 titulis
883 2125 1091 2157 auctoribus
1115 2126 1239 2156 aetate
1256 2147 1605 2158 .......
1652 2133 1734 2166 pag.
1783 2123 1800 2154 1

630 2192 650 2207 ‚,
681 2169 717 2200 11
741 2168 784 2200 de
808 2168 911 2200 libris
934 2169 1191 2210 manuscriptis
1259 2192 1605 2202 .......
1677 2191 1698 2208 ,,
1759 2168 1804 2199 24

446 2236 467 2252 ‚,
625 2236 647 2252 ,‚
673 2213 727 2245 111
745 2213 788 2244 de
813 2212 1027 2245 emendandi
1050 2215 1170 2245 textus
1194 2212 1395 2244 rationibus
1430 2238 1437 2244 .
1486 2235 1494 2244 .
1544 2236 1551 2243 .
1599 2236 1607 2244 .
1678 2236 1698 2251 ‚,
1761 2213 1803 2244 39

315 2255 428 2288 Culex
469 2280 477 2288 .
525 2280 533 2288 .
583 2281 590 2289 .
695 2280 1608 2292 .................
1677 2279 1699 2296 ,,
1760 2256 1803 2286 63

315 2300 409 2332 Ciris
467 2323 1606 2336 .....................
1676 2323 1697 2338 ,,
1760 2299 1803 2331 97

315 2343 416 2385 Copa
471 2367 1098 2379 ............
1101 2354 1105 2357 ·
1146 2368 1606 2377 .........
1678 2367 1699 2383 ,,
1740 2344 1803 2375 129

313 2388 487 2420 Moretum
528 2411 1605 2422 ....................
1676 2411 1698 2428 ,,
1739 2387 1803 2419 135

316 2431 508 2464 Catalecta
524 2454 1605 2467 ....................
1674 2455 1697 2470 „
1739 2431 1804 2462 145

314 2475 425 2507 Dirae
466 2498 1605 2512 .....................
1675 2499 1699 2516 ,,
1740 2475 1804 2507 164

315 2519 435 2561 Lydia
467 2542 1606 2555 .....................
1676 2541 1699 2558 „
1739 2519 1803 2550 173

315 2565 487 2596 Rosetum
523 2587 1615 2598 ....................
1690 2586 1699 2603 ,
1740 2562 1803 2593 179

315 2607 382 2639 Est
407 2610 444 2639 et
465 2607 544 2639 Non
582 2628 1102 2642 ..........
1142 2612 1146 2616 ’
1150 2629 1611 2640 .........
1675 2631 1699 2648 ,,
1740 2606 1804 2637 185

315 2651 380 2682 Vir
402 2651 518 2683 bonus
587 2674 1611 2687 ...................
1676 2674 1698 2692 ,,
1740 2649 1803 2681 188

318 2694 438 2736 elegia
460 2695 498 2726 in
521 2695 768 2727 Maecenatem
790 2695 809 2727 1
869 2717 1699 2733 ................
1739 2694 1802 2725 191

362 2761 384 2781 ,,
463 2762 488 2780 ,,
623 2763 645 2780 ,,
779 2739 816 2772 11
874 2764 882 2772 .
930 2765 939 2774 .
1043 2763 1618 2774 ...........
1678 2761 1700 2779 ,,
1739 2737 1803 2770 202
