1884 3126
305 191 359 231 46
887 210 1215 238 PROLEGOMENON

305 316 449 362 aquilis
477 327 511 353 V.
543 312 637 354 529.
696 328 783 354 cum
821 316 966 356 eisdem
997 320 1174 369 congruit
1203 333 1235 359 V.
1266 318 1350 360 470
1381 319 1564 372 (respicit)
1597 327 1634 360 et
1662 323 1694 361 si
1724 320 1790 360 mi-

306 380 506 419 nutissima
537 381 756 420 discrimina
793 383 1003 422 omittimus
1033 397 1065 424 v.
1097 383 1178 424 528
1211 385 1388 437 (ltalietos
1417 386 1524 438 ales).
1583 399 1671 427 cum
1700 389 1795 429 ΗΖΕ

306 458 509 485 commune
541 448 575 485 ei
605 453 660 486 est
691 450 854 487 aethera
885 462 916 487 v.
945 447 1026 489 538
1058 456 1095 489 et
1124 449 1202 490 541
1236 457 1273 490 et
1302 451 1395 491 levis
1425 453 1644 504 corruptela
1675 466 1795 494 auras

307 525 338 550 v.
358 510 451 558 525,
481 513 596 564 inque
628 513 762 552 eodem
794 527 879 553 cum
911 517 950 553 Η
978 522 1212 566 respexerat
1239 530 1310 569 pro
1339 524 1597 568 resperserat,
1630 519 1794 571 denique

305 590 392 617 cum
430 580 507 617 HR
544 591 575 618 V.
614 577 694 618 477
738 580 1004 627 salutiferam.
1065 595 1137 621 nec
1181 583 1439 633 peculiaribus
1482 586 1581 624 vitiis
1625 587 1795 635 quamvis

304 645 438 695 paucis
467 644 581 695 plane
611 646 795 684 immunis
826 651 900 686 est:
942 660 972 686 V.
1003 646 1088 687 460
1115 651 1253 689 littora
1284 655 1322 690 et
1349 649 1434 690 534
1461 663 1620 691 munere
1650 664 1696 690 ex
1725 665 1792 691 an-

306 711 498 750 tecedenti
529 713 751 762 repetitum.

414 778 453 816 In
491 779 632 816 ceteris
674 778 741 816 ubi
779 778 908 817 deficit
936 781 974 818 B
1002 792 1116 831 pares
1154 781 1236 820 sere
1272 783 1375 822 inter
1411 796 1452 822 se
1492 788 1529 822 et
1563 783 1792 835 plerumque

303 844 447 893 gemini
476 848 570 882 sunt·
584 846 673 892 HR,
706 856 802 894 quos
832 845 898 883 ubi
928 848 1175 886 consentiunt
1205 853 1243 887 et
1271 849 1371 888 salva
1393 850 1542 888 ratione
1563 849 1629 888 ubi
1658 850 1794 889 liceret

302 915 456 948 secutus
494 922 598 954 sum,
637 910 740 949 velut
774 912 813 949 in
850 913 1092 951 restituendo
1122 926 1154 952 v.
1185 912 1268 953 292
1299 917 1455 966 vestigia
1492 928 1624 955 eorum
1655 919 1789 967 pressi.

304 975 371 1014 sed
411 975 483 1013 soli
513 977 550 1014 R
579 975 769 1014 debentur
806 988 1012 1016 murmura
1041 990 1074 1018 V.
1109 977 1207 1024 108,
1247 992 1417 1020 amorem
1449 980 1546 1026 109,
1586 984 1794 1022 volitantes

303 1044 460 1089 agmine
487 1055 520 1080 V.
556 1040 645 1090 117,
677 1034 867 1082 hamanos
897 1056 927 1081 v.
964 1042 1055 1089 198,
1078 1057 1158 1094 per
1186 1051 1223 1084 te
1251 1060 1285 1085 V.
1315 1045 1409 1093 273,
1439 1050 1608 1087 maritas
1638 1061 1669 1087 V.
1696 1046 1790 1094 443,

302 1109 517 1146 coniunctis
547 1109 612 1146 Ra
650 1120 681 1147 V.
716 1106 794 1148 186
831 1109 1073 1159 furtimque,
1121 1109 1205 1150 439
1239 1114 1421 1153 honores.
1481 1113 1625 1152 eisdem
1662 1120 1791 1153 tamen

303 1175 519 1213 communis
557 1181 614 1212 est
650 1186 765 1225 prava
804 1177 1027 1214 coniectura
1063 1180 1180 1216 rauci
1208 1190 1241 1217 V.
1271 1176 1372 1223 384,
1415 1184 1454 1218 et
1481 1191 1513 1217 V·
1546 1177 1601 1218 50
1629 1182 1792 1219 aethera

303 1242 515 1292 scriptura,
555 1252 670 1290 quam
707 1253 778 1292 pro
814 1241 1045 1291 glossemate
1082 1243 1299 1284 audacioris
1336 1247 1469 1284 sidera
1505 1245 1642 1285 habeo.
1702 1259 1791 1285 nam

301 1306 556 1357 interpolatus
593 1311 652 1346 est
687 1307 726 1345 R
754 1308 869 1345 etiam
898 1320 932 1346 V.
967 1307 1046 1347 114
1082 1310 1303 1362 (continuis)
1343 1316 1380 1350 et
1414 1309 1497 1350 249
1534 1311 1713 1363 (morbo),
1754 1319 1792 1351 et

303 1373 369 1411 ubi
400 1385 485 1412 cum
515 1374 548 1411 L
578 1374 758 1423 congruit
788 1386 819 1411 v.
854 1371 906 1412 14
936 1373 1176 1427 (patientia).

410 1440 454 1478 In
483 1440 680 1490 corruptis
709 1438 823 1490 paulo
852 1441 1063 1490 integriora
1094 1442 1197 1482 solus
1226 1443 1407 1494 praebuit
1434 1445 1478 1482 II
1501 1456 1534 1483 V.
1555 1442 1608 1483 57
1638 1449 1676 1483 et
1694 1443 1789 1490 432,

302 1518 389 1544 cum
420 1506 511 1545 ΑΖΕ
543 1518 574 1544 V.
606 1503 670 1549 72,
701 1506 878 1556 proxime
915 1505 1024 1546 abest
1052 1520 1074 1546 a
1103 1509 1158 1548 Le
1188 1520 1220 1548 V.
1251 1507 1326 1557 31;
1357 1521 1448 1548 vera
1477 1522 1564 1548 cum
1594 1511 1649 1550 Le
1678 1523 1714 1549 V.
1735 1508 1791 1550 50

304 1571 482 1624 (sidera),
515 1569 597 1611 235
629 1570 748 1623 (car),
786 1584 873 1610 cum
903 1573 986 1613 Lae
1017 1585 1049 1612 V.
1081 1571 1163 1613 509
1194 1574 1407 1626 (placida),
1445 1588 1534 1614 cum
1564 1589 1591 1614 oc
1622 1576 1789 1627 denique

302 1640 465 1678 servavit
503 1650 535 1676 V.
566 1635 649 1677 375
685 1639 856 1685 anubas,
904 1640 965 1677 cui
1004 1652 1081 1678 non
1119 1639 1302 1691 intellego
1340 1654 1410 1680 cur
1438 1643 1592 1681 senibus
1620 1642 1723 1693 quod
1753 1642 1791 1680 R

301 1705 418 1744 habet
448 1704 701 1756 praeferatur,
734 1709 772 1742 et
801 1705 839 1742 in
873 1717 982 1743 Versu
1002 1703 1058 1745 45
1078 1718 1153 1756 quo
1174 1707 1212 1745 R
1232 1711 1338 1745 caret
1366 1709 1526 1746 iuuenes
1554 1709 1594 1746 in
1614 1709 1669 1747 Le
1689 1707 1788 1758 glos-

301 1776 447 1810 semate
478 1770 753 1809 oblitteratum.
792 1770 1046 1821 interpolatus
1069 1772 1153 1822 ipse
1182 1784 1271 1811 cum
1291 1773 1346 1812 Le
1367 1772 1542 1823 adposito
1562 1775 1683 1824 patris
1703 1774 1792 1812 Nisi

300 1839 456 1876 nomine
487 1841 544 1875 est
571 1848 606 1874 V.
637 1834 731 1875 334.

409 1903 530 1942 Multo
561 1903 714 1953 saepius
744 1902 999 1954 interpolatus
1031 1909 1090 1943 est
1109 1905 1142 1942 L
1163 1904 1377 1943 simillimus
1407 1904 1639 1944 Basileensis
1660 1918 1787 1944 exem·

298 1970 415 2022 plaris
446 1970 505 2021 (ε),
537 1981 768 2020 quamquam
797 1981 875 2007 non
905 1982 1064 2020 prorsus
1093 1970 1208 2009 idem.
1269 1975 1414 2009 textum
1446 1972 1528 2010 eius
1557 1972 1622 2022 qui
1651 1984 1786 2011 recen-

299 2039 376 2076 suit
417 2037 496 2075 sive
533 2036 770 2086 Pomponius
807 2035 946 2074 Laetus
987 2036 1061 2075 suit
1104 2037 1182 2075 sive
1225 2036 1340 2076 Italus
1380 2036 1475 2076 alius
1510 2037 1613 2076 haud
1652 2050 1785 2089 pauca,

299 2115 461 2153 quorum
491 2102 658 2142 maxima
688 2113 778 2152 pars
807 2102 847 2139 in
876 2102 897 2141 ”ε
928 2102 985 2140 vel
1014 2115 1042 2140 a
1072 2102 1130 2141 Vel
1158 2104 1199 2142 in
1233 2108 1399 2154 utroque
1428 2103 1529 2142 libro
1566 2104 1686 2149 redit,
1722 2117 1786 2143 ve-

298 2170 447 2208 rissime
477 2169 663 2212 restituit,
696 2180 768 2206 nec
798 2169 927 2206 omnia
956 2180 1063 2207 mera
1094 2170 1316 2208 coniectura
1347 2169 1573 2208 adsecutum
1603 2182 1688 2209 esse
1717 2183 1786 2221 pu-

300 2237 477 2276 taverim:
528 2248 562 2273 V.
593 2233 645 2273 31
676 2245 812 2284 coeco,
850 2232 904 2273 66
935 2235 1143 2283 Crataein,
1187 2232 1265 2274 109
1292 2237 1442 2286 sonitu,
1483 2229 1566 2274 128
1590 2238 1783 2283 nectebat,

296 2308 338 2342 ut
377 2303 609 2353 ‘Cecropiae
647 2300 827 2341 cicadae’
866 2301 1034 2350 genetivi
1072 2301 1149 2340 sint
1180 2300 1281 2352 (nam
1310 2313 1386 2339 una
1416 2300 1531 2340 fibula
1560 2302 1601 2340 in
1631 2301 1786 2340 cicadae

298 2371 461 2409 sormam
491 2368 575 2407 Nisi
603 2367 800 2418 crobylum
831 2365 1088 2418 continebat),
1131 2364 1210 2405 149
1238 2368 1353 2416 lapsa
1382 2379 1423 2415 e,
1458 2365 1536 2406 162
1565 2369 1605 2406 in
1633 2372 1783 2415 tenera,

300 2434 377 2474 197
408 2436 676 2483 blandaeque,
708 2431 789 2471 229
817 2444 910 2482 qua,
941 2430 1024 2472 239
1051 2435 1146 2472 sinit
1174 2433 1386 2483 Adrastea,
1415 2430 1495 2472 241
1527 2445 1673 2482 amore,
1704 2431 1785 2472 277

297 2503 492 2548 invideas,
536 2498 615 2540 307
647 2502 707 2548 in,
747 2497 828 2538 312
857 2504 914 2547 et,
947 2496 1030 2539 355
1058 2504 1263 2539 tentantur
1284 2501 1470 2549 patriae,
1502 2497 1583 2538 376
1612 2501 1787 2549 amycleo

297 2580 500 2617 sparmns,
530 2565 610 2606 377
643 2568 823 2614 deflevere,
853 2563 933 2604 397
963 2567 1083 2617 luces,
1113 2563 1195 2605 413
1224 2577 1316 2615 qua,
1346 2563 1427 2605 427
1454 2565 1672 2613 facturam,
1703 2563 1785 2604 433

298 2636 465 2681 deliciis,
493 2631 576 2672 436
605 2634 817 2680 incensam,
848 2628 932 2670 442
961 2633 1184 2679 tumulabit,
1217 2629 1299 2671 453
1326 2633 1502 2680 verbere,
1532 2629 1612 2670 477
1641 2642 1784 2670 semen-

298 2700 474 2748 tiferam.
525 2704 633 2738 certe
653 2710 686 2737 V.
710 2696 791 2737 323
811 2698 850 2736 in
881 2698 964 2748 ipsa
995 2697 1217 2749 corruptela
1238 2702 1398 2738 contata
1416 2697 1508 2737 latet
1528 2697 1628 2748 quod
1653 2709 1784 2736 verum

300 2768 350 2806 sit
378 2765 561 2817 quodque
592 2766 631 2804 in
663 2777 713 2805 εοι
743 2768 961 2805 correctum
993 2769 1096 2804 extat
1123 2769 1270 2804 conata
1300 2765 1360 2816 (cf.
1382 2769 1585 2816 praeterea
1613 2776 1646 2802 V.
1669 2761 1783 2814 324);

301 2838 339 2874 et
367 2830 603 2884 singularem
641 2831 902 2884 corruptelam
939 2843 1037 2883 quae
1070 2843 1147 2871 non
1183 2835 1311 2884 potest
1338 2843 1418 2870 non
1447 2843 1491 2870 ex
1523 2830 1784 2883 manuscripto
