1884 3126
777 155 904 184 enus.
1527 139 1606 181 125

196 283 273 310 non
305 270 393 310 tulit
422 282 467 310 ac
498 271 663 309 miseros
694 268 856 309 mutavit
885 267 1048 318 virginis
1078 269 1185 304 artus

197 343 377 384 caeruleo
407 343 558 396 pollens
589 343 757 383 coniunx
789 340 983 393 Neptunia
1015 351 1151 390 regno.

196 418 265 458 sed
297 423 427 458 tamen
460 422 659 457 aeternam
691 415 862 468 squamis
894 414 1037 453 vestire
1068 412 1236 465 puellam

196 491 413 543 infidosque
444 491 548 530 inter
578 496 757 530 teneram
790 489 1036 528 committere
1068 487 1198 538 pisces
1524 486 1604 524 485

197 577 275 604 non
307 565 441 604 statuit
473 565 649 616 (nimium
683 567 743 602 est
772 560 927 601 avidum
958 573 1080 612 pecus
1110 558 1400 611 Amphitrites):

197 639 315 678 aeriis
346 639 476 688 potius
505 637 715 677 sublimem
746 633 904 675 sustulit
934 634 1018 679 alis,

199 716 305 751 esset
336 717 379 750 ut
407 713 446 751 in
478 712 598 750 terris
624 710 717 749 sacti
747 710 796 748 (le
826 709 986 748 nomine
1017 707 1121 752 ciris,

199 786 292 825 ciris
322 784 529 836 Amyclaeo
561 783 771 823 formosior
802 794 942 822 ansere
973 780 1114 820 Ledae.

199 858 261 898 hic
292 857 395 898 velut
424 859 464 898 in
496 858 628 906 niveo,
661 862 798 896 tenera
829 861 888 895 est
917 867 1006 895 cum
1036 855 1238 906 primitus,
1271 865 1344 892 ovo
1524 852 1610 890 490

200 932 347 983 effigies
379 932 585 971 animantis
617 935 654 970 et
683 929 904 969 internodia
937 927 1128 968 membris

200 1006 429 1057 imperfecta
462 1016 561 1044 novo
591 1004 745 1044 fluitant
775 1007 958 1043 concreta
989 1001 1141 1041 calore:

202 1079 257 1117 sic
286 1078 434 1130 liquido
463 1076 614 1130 Scyllae
645 1077 926 1118 circumfusum
956 1086 1133 1126 aequore·
1159 1086 1305 1126 corpus

202 1152 376 1191 semiferi
405 1151 565 1190 incertis
596 1151 712 1190 etiam
743 1162 848 1190 nunc
879 1149 1058 1201 partibus
1088 1153 1196 1188 artus

203 1225 375 1275 undique
405 1224 606 1264 mutabant
635 1228 751 1274 atque
782 1223 957 1273 undique
988 1220 1251 1262 mutabantur.
1527 1221 1609 1259 495

204 1299 284 1338 oris
314 1298 439 1337 honos
470 1299 639 1350 primum
672 1302 710 1336 et
740 1296 873 1337 multis
903 1300 1036 1348 optata
1065 1294 1224 1334 labella

204 1376 241 1410 et
270 1370 424 1422 patulae
454 1370 594 1410 frontis
621 1370 774 1422 species
805 1381 1068 1409 concrescere
1098 1369 1139 1408 in
1170 1380 1290 1407 unum

203 1456 371 1496 coepere
403 1449 441 1483 et
471 1443 606 1495 gracili
637 1448 810 1483 mentum
842 1442 1063 1496 producere
1093 1446 1245 1487 rostro;

202 1524 284 1557 tum
316 1529 392 1568 qua
422 1530 465 1557 se
495 1517 667 1556 medium
698 1517 835 1569 capitis
866 1516 1079 1556 discrimen
1110 1515 1262 1567 agebat,

204 1603 295 1630 ecce
325 1595 488 1643 repente
518 1590 623 1630 velut
651 1591 802 1642 patrios
833 1590 1007 1629 imitatus
1037 1589 1209 1628 honores
1531 1590 1613 1628 500

202 1664 408 1716 puniceam
438 1664 636 1703 concussit
666 1676 764 1715 apex
794 1664 832 1702 in
864 1664 1011 1703 vertice
1043 1663 1223 1707 cristam;
1358 1648 1362 1652 ’

205 1743 244 1777 at
272 1737 402 1778 mollis
431 1739 561 1777 varios
590 1738 771 1776 intexens
800 1736 932 1789 pluma
964 1735 1116 1776 colores

203 1822 467 1851 marmoreum
499 1810 647 1850 volucri
680 1811 830 1850 vestivit
861 1810 1032 1861 tegmine
1063 1821 1219 1862 corpus,

177 1904 257 1941 482
290 1916 329 1940 ac
359 1905 490 1942 BHLe
521 1909 557 1940 et
586 1904 649 1941 Roc
763 1904 894 1940 misero
925 1913 946 1941 e
1088 1903 1170 1940 483
1201 1903 1348 1944 coniux,
1390 1914 1494 1940 corr.
1528 1913 1613 1939 con-

93 1963 178 1998 iunx
208 1962 245 1996 B
274 1961 403 2013 coniux
435 1961 469 1997 R
569 1958 738 2008 neptunia
768 1961 798 1996 L
924 1959 1006 1997 484
1038 1965 1197 1996 eternam
1229 1960 1265 1995 B
1295 1965 1479 1996 externam
1511 1960 1614 1996 HRoc

95 2023 131 2053 et
161 2016 286 2065 rigidis
308 2017 360 2054 Le
391 2017 552 2052 eximiam
583 2017 780 2063 Hauptius
810 2021 1004 2053 extremam
1027 2017 1320 2064 Hertzberyius.
1354 2028 1405 2052 an
1436 2016 1615 2052 aeternis?

97 2073 150 2120 cs.
183 2072 264 2110 504
406 2072 488 2110 485
517 2078 677 2113 teneras,
710 2085 813 2109 corr.
843 2078 989 2119 teneras
1018 2073 1054 2108 B
1197 2079 1391 2109 connetere
1422 2073 1465 2109 H
1492 2073 1616 2109 cornit-

97 2168 172 2199 tere
193 2163 228 2199 R
315 2162 396 2199 486
419 2163 601 2198 nimimum
625 2163 661 2199 B
683 2163 874 2211 nimiumq:
895 2163 948 2200 Le
1027 2162 1129 2199 auide
1150 2173 1264 2210 regno
1286 2162 1339 2199 Le
1417 2142 1615 2210 amphictdes

97 2218 172 2265 (des
202 2231 250 2255 m.
284 2223 363 2256 ant.
397 2220 465 2255 sed
502 2218 525 2254 2
557 2218 660 2266 add.)
691 2220 733 2256 H
872 2218 953 2256 487
985 2219 1107 2255 Aereis
1139 2219 1212 2255 BR
1255 2218 1356 2254 Aeris
1387 2219 1431 2254 H
1533 2218 1614 2255 sub·

96 2275 198 2311 stulit
227 2275 258 2311 L
379 2274 461 2313 488
493 2276 586 2323 cyris
616 2276 683 2311 LR
824 2274 904 2312 489
937 2274 1037 2323 Cyris
1068 2275 1135 2311 LR
1224 2274 1371 2311 amicleo
1403 2275 1479 2311 HR
1510 2275 1616 2323 Amy-

97 2331 213 2367 claeae
243 2331 426 2368 Heinsius
538 2330 622 2368 490
652 2330 759 2366 uelud
791 2331 871 2367 BH
962 2336 1084 2367 tenera
1114 2335 1169 2367 est
1200 2331 1397 2378 Hauptius
1428 2335 1531 2368 tener
1561 2337 1616 2368 est

99 2387 133 2423 R
165 2392 306 2423 teneres
337 2387 380 2423 H
406 2392 547 2423 tenerae
581 2387 642 2422 Boc
673 2392 797 2423 tenere
826 2387 879 2424 ΖΕ
979 2388 1144 2435 protinus
1178 2387 1256 2425 Lea
1358 2398 1429 2424 ono
1459 2388 1503 2425 H
1519 2401 1566 2425 m.
1593 2389 1612 2424 1

183 2441 262 2479 491
295 2443 495 2478 animantur
524 2452 572 2480 εα
671 2442 752 2480 492
783 2448 970 2479 concreata
990 2444 1033 2480 H
1116 2443 1260 2489 calorlsl
1285 2444 1315 2480 L
1401 2443 1483 2482 493
1512 2444 1617 2492 liqui-

98 2498 163 2534 ‹los
194 2498 270 2535 HR
364 2498 443 2535 cille
476 2499 511 2534 R
539 2498 629 2548 sylle
660 2499 695 2536 R
825 2498 906 2535 494
938 2499 1090 2536 Seniferi
1121 2501 1156 2537 R
1274 2501 1378 2537 etiam
1412 2505 1486 2536 tum
1518 2501 1616 2538 Silli-

98 2591 182 2636 9z'us
295 2586 376 2625 495
407 2568 657 2638 mutahgnunr,
697 2599 800 2626 corr.
831 2601 879 2625 m.
912 2590 1044 2626 eadem
1074 2594 1114 2627 ut
1144 2591 1214 2627 vid.
1249 2591 1284 2626 B
1314 2589 1548 2627 mutabuntur
1578 2592 1621 2628 H

102 2643 303 2680 mutabatur
331 2645 384 2682 Le
505 2644 587 2682 496
619 2645 715 2681 horis
747 2645 863 2681 honus
895 2645 938 2681 H
1028 2651 1063 2682 et
1094 2658 1163 2683 om.
1196 2647 1249 2685 ΖΕ
1370 2646 1451 2684 497
1483 2649 1616 2696 speties

102 2701 132 2735 L
243 2699 326 2738 499
358 2711 426 2748 qua
455 2697 513 2750 se]
546 2701 646 2749 quasi
677 2701 714 2736 B
743 2701 823 2749 quia
854 2711 893 2737 se
923 2701 955 2737 L
1088 2702 1170 2740 500
1200 2703 1309 2739 uelud
1339 2703 1382 2739 H
1483 2715 1615 2752 paruos

104 2756 156 2794 ΖΕ
241 2757 422 2792 inmitatus
454 2757 488 2793 R
603 2756 682 2794 501
713 2768 930 2805 purpuream
952 2757 1004 2796 ΖΕ
1090 2760 1254 2796 eoncusit
1274 2760 1310 2796 R
1426 2759 1616 2798 50211101-

104 2840 167 2893 lis]
198 2845 362 2882 membris
392 2846 444 2885 Le
550 2847 680 2884 coloris
711 2846 753 2883 H
877 2847 957 2886 503
988 2847 1189 2886 Mansurum
1220 2849 1273 2888 ΖΕ
1376 2829 1509 2887 uestu1¹t
1542 2847 1615 2900 (su-
