1884 3126
732 102 1009 135 PRAEFATIO.
1585 105 1632 134 XI

111 219 192 262 104
221 233 314 275 sqq.
350 217 431 260 124
460 217 689 275 proposui,
721 216 867 260 extitit
900 216 1150 273 nuperrime
1181 219 1431 258 Gustavus
1462 219 1633 270 Thilo,

109 287 183 344 qui
212 301 310 329 cum
340 287 577 343 genuinum
595 289 767 329 Servii
791 285 1147 327 commentarium
1178 288 1276 326 eum
1297 298 1394 326 esse
1425 283 1511 327 sibi
1539 299 1634 340 per—

109 355 318 408 suaserit,
350 354 425 410 qui
454 354 498 396 in
518 353 736 411 plerisque
761 352 984 395 codicibus
1015 352 1332 402 circumfertur,
1365 350 1634 394 additamen-

109 423 166 465 tis
198 421 271 464 ille
301 436 412 478 quae
441 422 488 463 in
517 421 607 464 suis
637 421 899 478 quibusdam
928 419 1051 463 libris
1080 419 1130 462 P.
1150 418 1312 462 Daniel
1341 420 1532 476 repperit
1562 419 1633 461 de-

110 491 310 543 stitutus,
347 489 424 531 hos
455 495 602 532 autem
631 488 805 532 scholiis
845 489 1044 545 quamvis
1075 487 1217 531 Servii
1246 493 1389 530 aetate
1420 487 1632 543 antiquio·

110 558 233 601 ribus
276 556 559 614 interpolatos
598 572 694 600 esse
731 557 808 613 (cf.
846 572 957 599 mus.
994 556 1132 598 Rhen.
1172 555 1284 598 XIV
1321 555 1446 610 450),
1492 570 1635 597 meam

109 627 390 679 sententiam,
425 640 511 682 qua
541 623 812 680 Scaligerum
842 630 1015 667 secutus
1052 623 1188 667 multo
1218 623 1502 679 integriorem
1532 622 1634 665 olim

109 708 239 749 quam
268 707 384 735 nunc
419 698 558 747 extat,
589 692 821 735 Danielino
852 699 998 736 autem
1019 708 1148 749 quam
1169 690 1348 747 vulgato
1380 690 1632 733 similiorem

109 761 248 803 Servii
286 761 642 803 commentarium
677 776 704 803 a
740 764 1003 804 Macrobio
1041 761 1087 823 in
1123 759 1477 803 saturnaliorum
1508 759 1632 801 libris

108 834 363 886 usurpatum
400 828 539 871 fuisse
577 829 761 872 conlatis
799 829 1003 871 hiscum
1038 828 1198 871 nostris
1237 826 1414 870 scholiis
1443 827 1631 884 probare

109 903 290 940 conatus
321 911 436 950 sum,
474 896 685 953 peculiari
722 897 933 954 quadam,
973 911 1059 953 qua
1088 895 1321 953 philologis
1359 893 1503 937 Halae
1533 910 1631 937 con-

108 971 287 1008 ventum
323 965 406 1007 hoc
442 979 556 1007 anno
595 965 826 1020 agentibus
858 964 1043 1007 salutem
1086 964 1222 1018 dixit,
1269 963 1630 1006 commentatione

110 1025 410 1088 ‘quaestiones
441 1032 702 1075 Servianae'
732 1033 945 1089 inscripta
964 1033 1156 1075 refutare
1177 1031 1360 1074 studuit.
1401 1046 1512 1088 quae
1533 1046 1632 1073 cum

110 1100 176 1142 his
214 1101 321 1157 ipsis
360 1099 539 1154 diebus,
577 1115 675 1143 cum
714 1101 824 1142 ‘iam
863 1101 980 1143 canit
1009 1099 1186 1142 effectos
1218 1105 1438 1141 extremus
1469 1099 1633 1142 vinitor

110 1174 234 1210 antes
247 1171 277 1222 ²,
308 1167 512 1210 extremis
544 1167 709 1210 scilicet
729 1167 856 1210 huius
882 1168 983 1211 libri
1011 1167 1200 1225 plagulis
1233 1167 1314 1210 sub
1334 1166 1455 1224 prelo
1476 1167 1632 1209 sudan-

110 1236 241 1289 tibus,
264 1235 530 1278 instantibus
551 1242 780 1292 praeterea
800 1242 931 1292 atque
950 1235 1209 1291 urgentibus
1238 1240 1281 1277 et
1300 1235 1374 1291 qui
1405 1235 1631 1278 materiam

110 1303 193 1345 sibi
222 1303 420 1359 deposcit
450 1304 648 1360 operario
680 1310 723 1345 et
743 1303 818 1360 qui
839 1303 996 1346 scholis
1026 1302 1218 1346 hibernis
1242 1302 1500 1345 instituendi
1530 1309 1632 1346 sunt

109 1369 482 1424 adulescentibus,
520 1371 710 1414 auctoris
747 1371 958 1414 beneficio
994 1371 1100 1413 mihi
1137 1371 1391 1414 transmissa
1434 1370 1513 1425 sit,
1551 1386 1632 1414 nec

108 1444 237 1480 vacat
285 1438 457 1494 singula
501 1441 644 1481 omnia
687 1439 947 1482 excutiendo
995 1438 1175 1494 longum
1223 1453 1482 1494 responsum
1531 1453 1629 1481 con-

109 1511 256 1547 texere
286 1520 364 1548 nec
395 1506 431 1547 si
462 1506 569 1562 quid
597 1506 727 1550 video
758 1522 836 1563 pro
868 1521 963 1549 meo
986 1506 1162 1563 quidem
1193 1505 1374 1549 consilio
1406 1522 1515 1564 opus
1546 1514 1627 1550 est.

108 1572 313 1630 pleraque
342 1573 456 1615 enim
486 1589 512 1615 a
533 1574 716 1617 Thilone
738 1573 919 1617 collecta
940 1573 1139 1630 exempla
1166 1581 1210 1616 et
1239 1580 1496 1630 argumenta
1524 1574 1631 1618 talia

110 1646 234 1695 sunt,
273 1646 320 1682 ut
356 1655 440 1682 non
472 1641 612 1698 qualis
648 1642 781 1684 fuerit
817 1643 987 1685 anticus
1018 1641 1162 1684 Servii
1190 1643 1524 1684 commentarius
1557 1642 1630 1698 (dc

107 1723 192 1763 quo
224 1708 517 1764 quaerendum
548 1710 660 1765 erat)
690 1709 935 1763 inlustrent,
967 1709 1044 1751 sed
1075 1710 1358 1766 comprobent
1387 1710 1504 1766 quod
1534 1711 1630 1767 ipse

107 1776 264 1830 statui,
296 1778 513 1819 communi
537 1792 600 1820 ex
628 1778 750 1820 fonte
780 1792 916 1834 eoque
940 1777 1127 1833 Vergilii
1157 1777 1335 1834 quidem
1364 1784 1628 1820 commenta-

106 1843 169 1885 rio
207 1842 352 1900 aliquo
390 1851 434 1886 et
471 1844 670 1887 Danielis
706 1850 915 1901 excerpta
951 1852 995 1888 et
1031 1845 1246 1888 Macrobii
1287 1846 1434 1902 copias
1471 1845 1629 1888 hausta

107 1911 272 1965 esse.*)
331 1910 386 1952 de
415 1911 498 1954 hoc
526 1912 661 1966 igitur
689 1914 752 1955 ita
782 1913 986 1955 convenit
1015 1913 1129 1955 inter
1156 1928 1257 1966 nos,
1288 1919 1338 1954 ut
1368 1927 1480 1969 quae
1509 1928 1552 1970 p.
1573 1913 1628 1954 22

105 1978 280 2034 scripsit
318 1978 446 2021 Thilo
485 1982 691 2037 ‘uterque
730 1986 950 2023 auctorem
986 1981 1196 2023 habuisse
1233 1981 1460 2034 videntur,
1506 1983 1627 2023 cuius

96 2045 340 2101 pleniorem
363 2079 372 2088 .
394 2079 403 2088 .
422 2079 432 2088 .
454 2047 792 2104 disputationem
822 2049 867 2090 in
897 2049 1074 2091 brevius
1105 2049 1413 2091 contrahentes
1443 2063 1530 2090 non
1559 2064 1627 2090 ea—

105 2112 203 2155 dem
239 2114 284 2155 in
323 2129 427 2157 suas
464 2114 638 2158 chartas
676 2117 1066 2173 transcripserunt,
1100 2117 1178 2159 sed
1209 2104 1327 2173 quod
1356 2117 1542 2172 quisque
1571 2115 1628 2158 ad

191 2293 228 2339 *)
252 2294 310 2331 cf.
334 2307 370 2339 p.
390 2299 442 2339 12,
465 2297 529 2330 ubi
545 2298 656 2331 Probi
680 2299 975 2331 commentarium
999 2309 1071 2330 non
1095 2298 1215 2332 Gellio
1238 2301 1383 2331 tantum
1407 2299 1444 2332 11
1468 2301 1502 2340 6,
1525 2302 1566 2332 ut
1587 2300 1626 2332 in

101 2351 265 2395 prolegg.
283 2363 318 2394 p.
339 2354 403 2385 145
427 2354 555 2395 statui,
581 2353 645 2386 sed
667 2354 855 2386 Macrobio
881 2355 994 2387 etiam
1015 2356 1067 2389 VI
1091 2357 1111 2388 7
1137 2358 1174 2388 et
1189 2348 1448 2388 Lemovicensi
1470 2356 1626 2399 Vergilii

101 2407 148 2440 ad
172 2407 240 2440 ecl.
266 2407 316 2439 VI
338 2409 381 2440 76
405 2408 628 2442 scholiastae
652 2410 700 2442 ad
722 2421 850 2443 manus
874 2410 990 2444 fuisse
1016 2412 1170 2453 conicit,
1201 2422 1292 2454 quos
1323 2412 1443 2445 Servii
1470 2413 1516 2445 ab
1544 2413 1624 2455 ipso

99 2463 291 2496 Macrobio
319 2463 381 2496 hic
410 2465 555 2498 laudati
580 2467 802 2500 auctoritate
831 2467 902 2500 niti
929 2468 1019 2500 mihi
1047 2479 1264 2511 persuasum
1294 2472 1362 2502 est.
1395 2479 1503 2511 porro
1531 2480 1564 2512 p.
1584 2471 1626 2502 14

99 2519 194 2552 conl.
212 2520 400 2553 Macrobio
418 2521 469 2554 VI
492 2523 524 2562 8,
554 2523 686 2555 14—23
711 2533 792 2556 cum
809 2523 1000 2558 Servianis
1018 2525 1064 2557 ad
1081 2526 1173 2558 Aen.
1192 2526 1242 2558 VI
1259 2527 1346 2567 2733
1371 2536 1404 2568 p.
1425 2527 1478 2559 17.
1497 2527 1550 2559 18.
1570 2527 1622 2558 19.

98 2577 152 2610 20.
181 2577 236 2612 21.
268 2578 321 2608 22.
344 2578 400 2609 24.
424 2578 479 2610 25.
505 2578 560 2610 29.
586 2580 641 2611 30.
666 2581 720 2612 31.
745 2581 800 2613 32.
826 2582 880 2613 33.
907 2582 962 2614 35.
987 2583 1030 2614 37
1055 2581 1150 2614 conl.
1176 2583 1294 2614 Macr.
1317 2582 1375 2615 111
1399 2583 1419 2614 2
1436 2592 1516 2624 sqq.
1543 2593 1624 2614 eum

98 2631 201 2664 Serv.
215 2632 350 2666 Aen.V
366 2634 431 2666 238
447 2634 500 2667 IV
514 2635 591 2667 699.
611 2636 677 2668 219
693 2636 711 2668 Ι
728 2637 793 2669 373
811 2637 882 2670 XII
900 2639 978 2672 779.
996 2639 1061 2671 648
1078 2637 1130 2670 XI
1149 2639 1214 2671 158
1230 2638 1268 2670 II
1284 2639 1360 2672 686.
1378 2649 1435 2682 ge.
1455 2639 1474 2671 I
1491 2640 1557 2671 269
1571 2649 1622 2681 sq.

97 2687 188 2720 Aen.
203 2684 258 2721 IV
271 2689 314 2721 56
331 2688 421 2722 Aen.
436 2689 473 2722 ΙΙ
490 2691 557 2723 225
573 2691 591 2724 I
607 2693 674 2724 378
690 2692 727 2725 Π
744 2693 810 2725 269
828 2693 896 2727 ecl.
912 2693 944 2726 V
961 2695 1005 2727 74
1026 2695 1117 2728 Aen.
1135 2694 1192 2727 111
1208 2694 1263 2727 85.
1281 2695 1326 2727 84
1349 2695 1439 2727 VIII
1457 2695 1534 2728 363.
1552 2696 1618 2728 269

97 2743 151 2776 111
165 2745 231 2776 407
255 2743 346 2777 VIII
370 2747 437 2779 288
461 2745 530 2779 ecl.
547 2747 598 2781 IV
616 2749 660 2780 43
678 2758 732 2790 sq.
757 2751 796 2781 et
819 2748 992 2794 deinceps
1016 2749 1158 2792 (taedet
1177 2750 1275 2782 enim
1292 2751 1438 2794 singula
1455 2744 1622 2787 enotare)

98 2799 136 2831 in
154 2800 283 2840 quavis
302 2801 379 2834 fere
398 2802 545 2845 pagina.
