1884 3126
356 132 434 172 126
1051 145 1172 173 onus,

464 254 643 306 lentaque
673 258 880 306 perpetuas
910 254 1094 293 fuderunt
1123 253 1301 293 bracchia
1332 254 1482 304 pinnas.

464 327 553 365 inde
583 326 674 365 alias
703 332 833 378 partes
863 327 1058 377 minioque
1087 327 1229 364 infecta
1259 324 1415 364 rubenti
1759 327 1836 365 505

465 411 578 439 crura
609 411 705 437 nova
735 399 877 437 macies
907 398 1066 436 obduxit
1094 397 1266 447 squalida
1298 396 1397 447 pelle

465 477 502 510 et
530 470 693 522 pedibus
723 471 868 509 teneris
902 481 1051 520 ungues
1082 469 1203 508 affixit
1232 474 1375 507 acutos.

463 547 501 581 et
529 547 657 582 tamen
687 542 761 580 hoc
791 542 946 580 demum
976 542 1140 580 miserae
1171 552 1402 580 succurrere
1432 544 1541 591 pacto

463 616 521 653 vix
552 615 676 653 suerat
705 613 854 665 placida
884 613 1052 664 Neptuni
1082 614 1245 663 coniuge
1276 612 1446 662 dignum.

464 699 671 737 numquam
701 685 805 724 illam
836 691 923 735 post
952 685 1047 723 haec
1077 683 1180 723 oculi
1210 683 1339 722 videre
1370 695 1529 722 suorum
1759 685 1839 721 510

464 750 679 809 purpureas
708 758 804 796 ssavo
834 757 1063 795 retinentem
1095 757 1235 795 vertice
1267 757 1386 801 vittas,

463 842 539 868 non
569 829 759 868 thalamus
789 828 904 879 Tyrio
933 829 1113 878 fragrans
1143 829 1291 879 aceepit
1321 840 1483 875 amomo,

463 901 590 940 nullae
620 899 723 939 illam
753 899 882 939 sedes:
914 899 1004 951 quid
1037 901 1137 939 enim
1168 901 1242 938 iam
1273 899 1432 938 sedibus
1461 898 1540 937 iili?

463 985 561 1024 quae
591 972 705 1011 simul
734 977 775 1011 ut
804 984 889 1011 sese
920 983 1014 1011 cano
1046 971 1093 1010 de
1121 972 1274 1022 gurgite
1304 971 1410 1009 velox

462 1057 549 1083 cum
580 1045 708 1084 sonitu
738 1044 784 1082 ad
815 1043 964 1083 caelum
995 1042 1247 1082 stridentibus
1278 1041 1414 1082 extulit
1442 1041 1510 1081 alis

464 1122 501 1156 et
530 1116 691 1156 multum
720 1116 794 1155 late
826 1116 1008 1167 dispersit
1035 1116 1074 1154 in
1105 1126 1273 1165 aequora
1303 1127 1448 1153 rorem:

462 1189 594 1227 infelix
624 1189 731 1238 virgo
762 1189 994 1239 nequiquam
1025 1200 1045 1227 a
1075 1191 1199 1226 morte
1232 1190 1387 1238 recepta

462 1260 647 1299 incultum
678 1259 768 1299 solis
796 1261 836 1298 iu
865 1259 1026 1311 rupibus
1058 1259 1174 1309 exigit
1204 1270 1347 1302 aevom,

1757 1045 1780 1080 ΕΠ

1789 1045 1805 1079 ..a

1814 1045 1836 1079 27!

461 1332 625 1384 rupibus
655 1337 693 1371 et
721 1331 890 1383 scopulis
922 1337 958 1370 et
987 1330 1167 1370 litoribus
1196 1330 1374 1369 desertis.

464 1417 534 1443 nec
566 1410 692 1443 tamen
723 1404 796 1442 hoc
825 1405 950 1454 ipsum
981 1414 1105 1454 poena
1135 1403 1235 1440 sine:
1269 1411 1434 1450 namque
1465 1400 1579 1440 deum
1610 1412 1690 1443 rex,
1757 1402 1836 1439 520

463 1477 590 1515 omnia
621 1477 688 1526 qui
716 1476 897 1526 imperio,
929 1481 1054 1514 terras
1084 1486 1190 1514 mare
1220 1473 1347 1512 sidera
1379 1477 1516 1517 versat,

463 1553 678 1587 commotus
709 1547 825 1587 talem
855 1547 901 1586 ad
932 1558 1094 1598 superos
1124 1545 1284 1584 volitare
1314 1544 1514 1595 puellam,>

348 1674 502 1710 prccscr.
525 1675 571 1698 m.
594 1661 687 1707 rec.)
719 1662 760 1697 H
851 1661 999 1696 tecmine
1022 1661 1055 1694 B
1169 1658 1248 1695 504
1279 1657 1476 1704 funderunt
1497 1658 1609 1693 BHR
1702 1656 1839 1692 brachia

357 1752 431 1787 ΒΗ
457 1729 576 1786 11301113
607 1751 641 1786 R
763 1750 886 1797 pinnas
916 1749 1109 1795 Hauptius
1139 1757 1270 1794 pennas
1302 1746 1493 1783 BHLReoc
1627 1744 1707 1782 505
1737 1741 1836 1793 inde]

351 1807 389 1842 ln
419 1816 439 1843 ε
542 1806 648 1841 nimio
680 1805 714 1840 R
817 1803 981 1851 impsecta
1012 1801 1055 1838 H
1181 1801 1260 1838 506
1291 1812 1383 1836 noua
1420 1801 1545 1835 macies
1579 1812 1604 1834 oc
1641 1810 1838 1846 nouamque

353 1862 441 1897 acies
474 1862 508 1896 B
537 1871 701 1907 nouamq·
733 1860 804 1894 acie
835 1860 876 1894 H
902 1869 1072 1905 nouemq:
1104 1858 1210 1892 aciem
1242 1857 1292 1893 Le
1322 1856 1488 1902 nouatiq3
1517 1856 1624 1890 aciem
1650 1855 1685 1891 R
1715 1865 1838 1890 novam

354 1917 480 1952 macies
503 1916 668 1963 Silliqius
751 1914 842 1962 pelle
870 1916 1019 1959 scripsi.
1042 1910 1135 1960 pelle
1157 1913 1191 1947 R
1214 1911 1340 1959 pellem
1363 1912 1440 1947 BH
1457 1910 1558 1958 pellis
1579 1911 1656 1947 Lea
1676 1909 1759 1958 pelli
1778 1910 1839 1945 Pi-

354 1973 494 2018 tlzoeus,
515 1971 623 2018 prob.
646 1971 915 2006 Lachmannus
935 1969 1048 2005 Lucr.
1065 1979 1103 2014 p.
1122 1966 1200 2003 425
1303 1962 1380 2003 507
1402 1964 1551 2013 pellibus
1574 1966 1615 2001 H
1697 1971 1838 2001 teneros

355 2028 403 2062 H.
425 2039 471 2062 m.
499 2027 518 2062 l
625 2024 768 2061 confixit
797 2037 821 2059 α
924 2024 1047 2060 acittos
1081 2024 1114 2058 Β
1234 2021 1312 2058 508
1343 2022 1468 2056 misere
1499 2021 1532 2056 R
1656 2019 1736 2056 509
1766 2019 1838 2067 pla-

353 2082 429 2118 cida
458 2082 577 2119 HLea
605 2080 739 2128 placide
770 2081 804 2116 R
835 2079 959 2127 placidi
988 2079 1021 2114 B
1133 2077 1214 2114 510
1243 2076 1425 2123 Nunquam
1447 2075 1591 2111 BHLR
1684 2075 1783 2111 illum
1809 2075 1839 2109 Β

436 2142 518 2185 post
548 2137 614 2172 hee
642 2137 677 2171 Β
705 2140 788 2183 post
818 2135 882 2170 hae
910 2135 988 2171 Lea
1108 2132 1184 2168 511
1219 2131 1270 2178 cf.
1304 2130 1441 2167 Catulla·
1468 2129 1568 2164 LXIV
1592 2129 1641 2165 63
1748 2129 1837 2165 ssauo

356 2194 415 2229 Βα
453 2193 552 2228 saluo
583 2191 712 2228 HLRe
853 2190 1062 2225 renitentem
1094 2187 1127 2222 Β
1162 2187 1354 2222 retinentes
1385 2186 1418 2221 R
1561 2185 1669 2220 uictas
1699 2185 1729 2219 L

353 2249 432 2285 512
465 2247 625 2283 thalamis
657 2247 691 2282 R
823 2245 928 2280 thirio
960 2245 1002 2279 H
1139 2242 1289 2289 flagrans
1320 2240 1426 2276 HLR
1565 2250 1690 2275 amono
1721 2239 1755 2274 R

354 2304 433 2340 513
464 2302 567 2338 Nulle
597 2302 632 2336 B
661 2301 755 2337 nulla
787 2300 958 2347 Scaliyer
1062 2298 1132 2338 11111,
1166 2308 1188 2332 u
1218 2307 1318 2332 corr.
1350 2297 1388 2331 in
1417 2306 1435 2330 a
1468 2295 1501 2329 B
1604 2293 1689 2330 fides
1720 2295 1754 2329 R

355 2355 438 2407 iam]
471 2368 550 2394 cum
580 2357 759 2392 Heinsius
861 2355 911 2390 illi
941 2355 987 2399 B,
1020 2354 1199 2388 Heinsius
1227 2351 1295 2387 illis
1326 2350 1480 2387 HLRea
1593 2348 1670 2385 515
1701 2349 1837 2384 coelum

360 2415 390 2449 B
503 2412 582 2448 516
612 2422 764 2458 aequora
794 2411 835 2462 ῌ
861 2419 1014 2456 aequore
1046 2409 1136 2444 Βία
1166 2417 1299 2454 equore
1329 2406 1386 2443 Re
1497 2405 1576 2442 517
1608 2405 1837 2451 nequicquam

357 2469 487 2505 HLRoe
516 2466 750 2514 nequidquam
782 2466 816 2500 B
942 2475 960 2499 a
989 2476 1024 2503 α,
1055 2475 1123 2500 om.
1156 2462 1320 2498 BHLRe
1471 2459 1550 2496 518
1580 2470 1705 2494 aeuum
1735 2459 1837 2494 BLR

355 2535 457 2559 euum
488 2524 526 2559 H
639 2521 718 2557 519
749 2519 926 2556 littoribus
957 2520 1031 2555 HR
1062 2517 1243 2554 lictoribus
1268 2517 1297 2551 L
1409 2514 1490 2552 520
1518 2515 1582 2550 1130
1602 2515 1644 2550 H
1723 2514 1836 2560 ipsum

355 2581 508 2615 Loensis
535 2579 662 2613 iterum
694 2576 883 2612 BHLRea
988 2584 1099 2621 poena
1133 2574 1191 2608 Βα
1220 2582 1326 2619 penas
1356 2571 1485 2606 HLRe
1587 2569 1662 2604 siue
1691 2569 1726 2604 R

355 2634 431 2669 521
466 2639 575 2669 terras
613 2642 706 2667 mare
742 2631 855 2666 sidera
891 2631 1038 2675 scripsi.
1079 2634 1248 2663 terrarum
1285 2626 1378 2661 milia
1406 2626 1497 2662 ΗΒΕ
1534 2629 1703 2659 terrarum
1732 2623 1837 2658 millia

357 2690 453 2725 BRoc
473 2693 509 2725 et
528 2693 638 2723 terras
659 2698 697 2723 30
716 2686 827 2722 sidera
849 2685 1020 2732 Heynius
1040 2694 1156 2720 rerum
1177 2680 1334 2717 mortalia
1354 2681 1532 2716 Heinsius
1613 2677 1691 2713 522
1712 2677 1836 2713 Como-

355 2783 412 2815 tus
435 2778 476 2812 II
555 2776 597 2811 ad
627 2775 751 2816 celum,
782 2777 819 2810 in
840 2785 908 2821 my.
931 2783 1079 2819 superos
1112 2772 1146 2807 B
1231 2745 1369 2806 uiol'zire
1389 2767 1598 2815 (suprascr.
1621 2778 1665 2802 m.
1689 2764 1782 2812 rec.)
1798 2765 1839 2801 H

622 2987 645 3000 A
