1884 3126
774 151 906 179 CAPUT
937 151 964 177 1.
1603 132 1629 174 9

110 281 253 308 nomen
299 267 390 308 huic
435 267 508 306 suit
551 267 688 315 Musei,
736 266 776 304 in
813 276 892 316 quo
929 260 1148 314 repetendo
1187 273 1220 300 v.
1253 259 1279 300 6
1319 264 1358 299 et
1394 258 1420 300 8
1461 266 1499 299 et
1538 272 1627 300 cum

109 337 308 377 Musarum
348 334 576 385 Phoebique
614 332 988 373 commemoratione
1025 330 1164 369 festive
1203 327 1449 368 conectendo
1485 328 1627 368 lusisse

110 409 266 457 poetam
288 409 463 456 apparet.
506 403 554 442 de
576 402 744 442 Antonio
767 399 924 452 quidem
948 399 1057 438 Musa
1079 397 1232 437 medico
1254 397 1418 447 Augusti
1449 396 1511 447 (cs.
1531 396 1627 435 Sne-

110 478 189 512 ton.
211 472 296 512 Oct.
318 469 385 512 59.
409 469 476 511 81.
500 470 614 510 Plinii
635 483 671 509 n.
694 470 733 511 h.
756 467 843 507 XIX
866 464 957 506 128.
981 465 1084 505 XXV
1106 463 1172 504 77.
1196 464 1319 504 XXIX
1341 463 1381 504 6.
1404 464 1509 503 XXX
1533 462 1624 503 117.

110 541 266 580 Cassius
304 540 376 580 Dio
413 538 495 578 LIII
524 535 590 588 30)
631 543 668 577 et
706 536 856 576 Horatii
895 535 1023 587 (epist.
1056 534 1071 572 I
1112 531 1187 578 15,
1228 531 1267 586 3)
1320 537 1362 572 ut
1411 533 1628 584 cogitemus

110 621 197 648 cnm
229 607 446 658 Scaligero,
488 605 583 645 nihil
622 606 663 644 in
702 609 782 643 toto
822 604 995 643 carmine
1026 601 1183 642 suadet:
1225 602 1357 641 minus
1388 602 1504 640 etiam
1536 613 1627 652 pro-

109 675 226 716 bandi
266 676 330 725 qui
360 675 561 714 rhetorem
593 672 785 712 tumidum
817 667 934 721 atque
964 671 1165 720 ineptum,
1205 681 1360 708 servum
1394 668 1505 715 olim,
1546 673 1627 708 tum

107 742 292 782 libertum
329 742 393 791 (cf.
435 742 583 782 Seneca
622 746 798 780 controv.
837 739 871 778 X
909 752 946 791 p.
987 735 1071 777 294
1101 738 1160 787 Β.)
1197 736 1489 777 intellexerunt.
1550 739 1628 776 iam

108 822 253 850 casune
284 810 460 849 dicemus
500 809 663 854 sactum,
705 807 808 858 quod
851 807 1031 846 novimus
1065 806 1273 846 Octavium
1305 807 1464 845 Musam
1504 818 1627 857 quen-

107 878 195 917 dam
228 891 274 918 ex
296 878 418 917 Servii
450 877 496 916 ad
530 875 599 915 ecl.
623 876 675 916 lx
697 874 720 915 7
744 881 782 915 et
813 874 1086 914 Bernensibus
1116 874 1164 913 ad
1196 873 1267 913 ecl.
1293 873 1375 913 VIII
1399 876 1422 913 6
1454 873 1626 919 scholiis,

109 946 217 985 valde
256 946 317 985 his
355 945 511 996 quidem
552 957 598 984 ex
644 949 755 996 parte
794 943 1038 994 excerptoris
1077 942 1284 981 oscitantia
1324 941 1510 987 turbatis,
1559 941 1628 981 sed

107 1021 275 1066 quornm
313 1019 443 1053 tamen
482 1018 618 1052 auctor
657 1011 866 1050 exhibetur
906 1009 1131 1054 ‘Iunilius',
1174 1009 1211 1048 h.
1246 1022 1279 1048 e.
1311 1009 1444 1049 lunius
1475 1009 1628 1049 Philar-

108 1082 258 1134 gyrius‚
300 1081 418 1120 homo
457 1092 534 1119 non
573 1091 854 1131 usquequaque
891 1077 1226 1117 contemnendus?
1266 1077 1365 1127 (vide
1405 1077 1453 1116 de
1486 1079 1559 1117 vita
1592 1083 1629 1117 et

108 1150 262 1201 scriptis
300 1149 414 1199 Verg.
456 1160 561 1187 narr.
610 1160 647 1199 p.
680 1147 799 1186 XVIII
828 1145 900 1198 sq.)
942 1158 962 1184 a
1002 1156 1080 1195 quo
1125 1157 1211 1184 cum
1258 1145 1352 1184 civis
1396 1145 1628 1185 Mantuanus

107 1218 229 1256 fuisse
259 1216 436 1255 tradatur
466 1215 647 1255 Octavius
677 1215 803 1259 Musa,
843 1218 1008 1266 possunt
1038 1211 1152 1252 facile
1182 1214 1296 1264 pueri
1328 1212 1386 1252 vel
1417 1213 1627 1253 Mediolani

108 1283 166 1322 vel
197 1283 413 1323 Cremonae
451 1281 775 1322 consuetudinem
815 1282 966 1321 iniisse.
1025 1293 1099 1320 nec
1128 1282 1481 1333 praetereundum,
1524 1282 1626 1332 quod

106 1350 219 1391 culex
250 1363 400 1402 poema,
433 1351 545 1391 cuius
576 1350 624 1390 de
655 1354 815 1389 auctore
845 1349 909 1389 hic
939 1349 1116 1389 nondum
1147 1350 1385 1400 quaerimus,
1418 1351 1626 1402 prooemio

107 1418 308 1458 dedicatur
347 1419 503 1458 Octavio
541 1418 694 1457 cuidam
735 1417 857 1456 nobili
894 1417 1206 1463 adulescentulo,
1247 1430 1365 1470 quem
1395 1423 1510 1469 poeta
1541 1419 1627 1470 ipse

107 1485 424 1526 adulescentulus
445 1485 670 1538 adloquitur
691 1479 849 1524 ‘Octavi
870 1485 1116 1524 venerande'
1142 1484 1188 1536 (ν.
1212 1483 1280 1536 25)
1306 1490 1344 1524 ct
1365 1486 1488 1537 ‘puer
1510 1498 1626 1525 vene-

108 1554 265 1594 rabilis'
289 1554 334 1605 (V.
359 1552 426 1604 37)
451 1559 488 1593 et
517 1554 675 1593 ‘sancte
696 1554 815 1605 puer'
839 1549 927 1604 (262
961 1552 1136 1592 moribus
1153 1552 1324 1599 scincet,
1355 1566 1447 1599 non,
1477 1559 1519 1594 ut
1539 1559 1629 1593 sunt

109 1623 175 1672 qui
195 1623 520 1674 interpretentur,
553 1619 749 1670 numine):
782 1622 850 1672 qui
881 1622 914 1660 si
944 1621 1052 1660 Musa
1085 1622 1319 1672 cognomine
1343 1622 1426 1666 fuit,
1461 1621 1627 1661 fortasse

108 1701 186 1729 uon
225 1690 308 1728 sine
346 1689 480 1741 lepore
511 1687 680 1739 quodam
711 1700 743 1726 v.
776 1686 803 1727 6
834 1692 873 1727 et
903 1686 928 1727 8
959 1700 1094 1728 musae
1126 1690 1449 1728 commemoratio
1480 1691 1626 1741 repeti—

107 1762 182 1802 tur,
216 1757 247 1796 si
279 1761 409 1795 autem
440 1757 480 1795 in
511 1756 698 1795 historiae
728 1755 855 1795 studia
885 1756 963 1795 iam
992 1760 1075 1794 tum
1107 1755 1329 1802 inclinavit,
1362 1756 1449 1808 plus
1480 1759 1626 1797 acumi-

106 1825 166 1864 nis
196 1823 357 1863 habebit
386 1823 490 1876 quod
522 1829 560 1863 et
590 1822 703 1863 bellis
735 1822 792 1863 vel
822 1818 1101 1862 centaurorum
1124 1822 1182 1862 vel
1203 1824 1415 1863 Persarum
1437 1825 1627 1877 imparem

106 1904 148 1931 se
187 1892 395 1931 confitetur
427 1889 617 1944 (27—34)
658 1897 696 1931 et
733 1903 804 1944 per
842 1891 976 1930 ludum
1015 1891 1220 1931 historiam
1252 1904 1294 1931 se
1325 1892 1498 1932 condere
1530 1893 1627 1934 velle

108 1972 138 1997 v.
169 1958 198 1998 4
226 1960 430 2011 promittit.

216 2027 264 2066 At
294 2026 478 2066 Octavius
508 2028 582 2066 iste
614 2027 741 2072 Musa,
773 2028 806 2066 si
837 2027 972 2067 Servio
1005 2027 1223 2072 credimus,
1256 2028 1480 2069 Mantuanis
1511 2042 1628 2080 agros

106 2095 300 2141 veteranis
330 2094 591 2145 adsignandos
613 2095 822 2147 eripuerat,
855 2095 942 2146 quia
966 2093 1254 2134 Cremonenses
1277 2108 1355 2134 non
1377 2097 1625 2137 sufficerent:

105 2174 244 2213 parum
283 2174 377 2213 ergo
417 2161 644 2214 probabile,
684 2163 839 2214 paterni
878 2163 983 2201 ruris
1021 2167 1223 2213 raptorem
1257 2163 1419 2214 Vergilii
1457 2166 1625 2205 amicum

106 2228 237 2268 fuisse.
298 2229 436 2269 audio:
474 2230 543 2269 sed
580 2231 685 2269 inter
716 2229 876 2268 111vir0s
913 2230 1016 2279 agris
1055 2229 1278 2270 dividundis
1316 2232 1434 2270 etiam
1470 2234 1628 2272 Asinius

105 2295 228 2335 Pollio
265 2302 303 2336 et
332 2296 538 2337 Cornelius
569 2296 722 2342 Gallus,
767 2296 939 2335 fautores
977 2308 1022 2335 ac
1058 2296 1273 2337 familiares
1308 2303 1449 2351 poetae
1489 2302 1625 2350 nostri,

51 2404 53 2406 ,
106 2363 283 2407 fuerunt,
315 2362 460 2414 quibus
490 2365 523 2403 si
553 2363 734 2403 Octavius
764 2364 874 2404 Musa
905 2364 1047 2403 tertius
1078 2364 1286 2405 adiunctus
1315 2366 1408 2413 fuit,
1440 2367 1626 2408 Patavino

107 2436 145 2468 et
180 2429 440 2470 Foroiuliensi
477 2431 728 2476 Mantuanus,
767 2430 917 2471 scilicet
954 2436 996 2470 ut
1034 2437 1115 2471 tres
1154 2432 1336 2474 homines
1373 2436 1628 2488 transpadani

105 2498 246 2536 civium
277 2499 425 2549 pariter
455 2510 500 2537 ac
531 2498 698 2538 militum
728 2498 848 2538 rebus
878 2504 1065 2551 quantum
1087 2500 1174 2539 fieri
1202 2507 1338 2553 posset
1359 2504 1625 2551 consulerent,

105 2577 183 2604 non
216 2566 450 2614 necessaris),
484 2565 575 2605 dum
609 2565 765 2617 publico
796 2579 960 2606 munere
990 2567 1188 2619 fungitur,
1221 2570 1426 2610 inimicum
1458 2584 1500 2610 se
1532 2584 1624 2612 con-

105 2631 300 2672 tubernali
344 2634 465 2672 veteri
506 2634 677 2684 gessisse
713 2634 913 2686 putandus
946 2635 1032 2674 erit.
1093 2635 1170 2686 legi
1208 2637 1340 2687 paruit
1371 2644 1410 2677 et
1439 2639 1626 2690 gravibus

103 2700 353 2751 imperatoris
382 2697 557 2751 iussis¹)‚
596 2701 656 2739 rei
686 2694 864 2752 publicae
894 2701 1123 2754 posthabuit
1153 2716 1292 2743 sensus
1323 2706 1514 2757 privatos:
1556 2707 1625 2747 sed

195 2785 221 2831 ¹)
245 2787 326 2821 Hoc
350 2790 467 2831 ipsum
493 2792 652 2822 testatur
674 2789 815 2823 Probus
841 2801 874 2833 p.
898 2793 919 2825 5
936 2791 980 2824 K.
1007 2793 1156 2825 iussisse
1182 2793 1381 2827 Caesarem
1406 2795 1519 2829 dividi
1538 2796 1625 2830 Cre-

103 2844 326 2876 monensium
352 2855 459 2888 agros
483 2848 540 2878 ‘et
565 2846 596 2878 si
620 2856 692 2879 nou
717 2846 951 2881 suffecissent
981 2848 1201 2883 Mantuanos
1228 2850 1414 2895 adiungi'.
