1884 3126
306 178 357 219 78
971 194 1114 222 οπως.

414 307 571 341 manant
601 304 832 352 sanguineae
861 315 931 354 per
961 309 1105 342 tractus
1136 303 1307 353 undique
1337 309 1478 354 guttae,

417 375 574 425 spiritus
606 375 772 425 erumpit
802 375 944 413 fauces.
1005 387 1080 425 quo
1111 381 1247 414 cuncta
1278 381 1438 426 parante

413 445 593 496 parvulus
624 446 727 484 hunc
756 447 863 496 prior
895 447 1040 485 umoris
1071 451 1267 485 conterret
1297 446 1475 486 alumnus

415 522 452 555 et
481 522 644 555 mortem
676 519 794 556 vitare
824 524 954 556 monet
984 530 1053 568 per
1083 520 1271 557 acumina.
1332 530 1499 569 namque

413 599 487 637 qua
518 588 669 627 diducta
700 600 817 638 genas
847 589 1068 639 pandebant
1097 589 1241 629 lumina
1274 592 1430 634 somnis,
1714 595 1789 631 185

412 659 485 699 hae
515 661 680 698 senioris
714 666 795 699 erat
826 665 972 699 mature
1002 660 1145 712 pupula
1177 662 1254 700 telo

413 736 510 769 tacta
543 731 625 776 levi,
659 743 773 781 quom
806 731 985 781 prosiluit
1016 733 1249 772 furibundus
1280 739 1317 772 et
1346 734 1454 773 illum

413 802 599 857 obtritum
630 803 743 841 Morti
774 804 894 842 misit:
926 805 1019 854 quoi
1050 805 1204 844 dissitus
1234 806 1360 844 omnis

413 875 569 924 spiritus
601 876 767 912 excessit
797 887 948 913 sensus,
1007 881 1085 914 tum
1121 881 1226 915 torva
1256 882 1451 916 tenentem

412 945 554 983 lumina
585 947 757 996 respexit
785 953 1004 997 serpentem
1036 949 1273 992 comminus;
1306 949 1396 987 inde
1711 953 1788 990 190

412 1019 598 1068 impiger,
631 1018 852 1062 exanimus,
883 1019 943 1055 vix
974 1031 1132 1074 compos
1162 1025 1290 1058 mente
1322 1021 1475 1070 refugit,

412 1090 564 1127 nescius
594 1090 804 1139 aspiciens;
838 1090 951 1127 timor
982 1090 1257 1129 obcaecaverat
1287 1097 1403 1136 artus,
1711 1095 1786 1130 199

413 1172 505 1210 ergo
535 1160 667 1199 tardus
698 1165 796 1199 erat:
829 1162 955 1199 somni
984 1161 1169 1211 languore
1199 1168 1348 1201 remoto
1711 1165 1786 1202 198

302 1279 592 1325 versisHeynius
653 1280 911 1325 torquenturQ
975 1280 1361 1328 corpibuchorpora
1382 1282 1608 1317 inHeinsius
1657 1281 1787 1318 orbesl

388 1334 464 1370 182
496 1334 646 1380 Spiritus
682 1335 758 1379 FQ,
805 1335 985 1370 Heinsius
1023 1335 1209 1381 Spiritibus
1241 1335 1334 1382 Ωψ,
1381 1337 1543 1372 Bembus
1628 1338 1783 1383 erumpit

302 1391 481 1425 Heinsius
517 1390 646 1436 rumpit
675 1388 749 1424 5202
834 1401 903 1436 quo
933 1391 1166 1426 Ascensiana
1198 1392 1252 1425 eui
1283 1388 1356 1426 Ωω
1440 1397 1583 1438 parante
1614 1392 1786 1438 Scaliyer

301 1445 433 1492 paranti
468 1442 542 1478 ,Ωω
626 1445 769 1480 declives
801 1445 955 1490 frustra
997 1446 1163 1490 defendit
1204 1446 1370 1482 Naelcius
1408 1447 1486 1482 Cat.
1525 1459 1563 1492 p.
1596 1447 1674 1483 304

304 1500 380 1535 183
412 1500 492 1533 huic
522 1500 564 1534 H
645 1499 791 1546 propior
822 1500 1087 1546 H.properans
1119 1501 1391 1548 Hertzberyizcs
1477 1502 1629 1537 humeris
1660 1502 1696 1537 F
1723 1502 1785 1536 bu-

302 1555 408 1589 moris
438 1553 514 1599 Ωψ
600 1559 760 1589 conteret
791 1555 865 1597 QY
896 1555 1001 1600 (teste
1051 1555 1187 1601 Vossio)
1225 1557 1377 1591 conterit
1409 1555 1439 1591 C
1471 1562 1568 1592 tenet
1598 1557 1639 1592 II
1673 1562 1784 1592 tentat

301 1610 574 1656 Hertzberqius
657 1609 804 1644 alumnis
837 1609 864 1644 C
892 1608 1040 1656 alfipnus
1071 1611 1112 1645 H
1224 1610 1301 1646 184
1332 1616 1447 1646 manet
1479 1611 1507 1646 C
1587 1612 1735 1646 culmina
1766 1621 1785 1647 ε

387 1664 463 1700 185
495 1664 573 1711 Que
601 1666 612 1699 Z
690 1664 838 1699 deducta
866 1667 902 1702 le
981 1676 1090 1711 genae
1121 1665 1280 1702 Botlzius
1359 1666 1531 1712 pandebat
1560 1679 1606 1702 m.
1638 1666 1673 1707 2,
1704 1678 1786 1713 pan-

301 1719 394 1755 debit
423 1732 470 1754 m.
505 1720 524 1754 1
559 1720 600 1754 Η
625 1719 789 1765 patebant
819 1721 868 1755 Fl
895 1720 1087 1766 pingebant
1127 1721 1383 1767 IValcefieldzcs
1466 1723 1598 1757 somnis
1630 1724 1782 1758 conieci.

300 1776 416 1821 gentis
445 1777 457 1809 l
496 1775 641 1821 gemmis
677 1773 765 1819 Ψω,
806 1775 968 1810 Bembus
1043 1770 1173 1809 ‘culex
1212 1776 1408 1822 provolavit
1444 1782 1549 1823 atque
1586 1778 1679 1812 inter
1714 1776 1784 1811 «luo

302 1835 459 1876 tempora
489 1829 648 1863 aculeum
680 1828 752 1863 fixit
781 1829 936 1875 pastori'
968 1830 1139 1865 Donatus
1168 1832 1205 1865 in
1238 1833 1310 1866 vita
1353 1831 1458 1877 Very.
1488 1843 1526 1877 p.
1560 1831 1610 1867 58
1642 1833 1688 1867 R.

303 1885 379 1920 186
410 1884 484 1919 Hoc
514 1885 555 1919 H
582 1885 630 1918 Ac
660 1885 741 1920 Εεα
773 1885 815 1918 At
845 1886 858 1919 t
949 1885 1098 1919 senioris
1132 1884 1233 1921 CVze
1263 1886 1412 1920 seuioris
1442 1887 1484 1921 H
1517 1897 1554 1921 se
1584 1887 1708 1926 moris,
1747 1889 1784 1922 in

300 1952 368 1986 my.
399 1951 444 1975 m.
477 1950 554 1974 ree.
587 1939 609 1973 l'
628 1940 775 1974 senioris
804 1940 853 1974 Bt
881 1950 919 1974 se
949 1940 1054 1974 moris
1085 1941 1230 1975 AEPY
1254 1941 1396 1975 leuioris
1426 1953 1451 1975 oc
1480 1942 1644 1976 saevioris
1676 1941 1782 1976 Bem-

301 1996 368 2030 bus
431 2000 566 2029 mature
599 1994 755 2029 Botliius
784 1999 906 2028 nature
938 1995 979 2029 H
1011 1992 1057 2029 ΠΕ
1100 1996 1129 2030 V
1156 2001 1279 2030 natura
1308 1996 1342 2030 P
1369 2000 1512 2030 naturae
1546 1995 1636 2036 Ψω,
1675 1997 1783 2031 Bem-

301 2051 368 2085 bus
450 2060 488 2083 ae
517 2050 666 2084 senioris
697 2054 770 2083 erat
800 2054 942 2084 naturae
971 2051 1216 2095 parenthesin
1246 2051 1357 2086 habet
1378 2052 1648 2097 Hertzberyius
1698 2081 1705 2089 ,
1722 2062 1784 2098 po-

299 2105 378 2151 pula
420 2105 541 2139 EHPt
588 2103 712 2150 pabula
750 2103 791 2139 Cl
875 2104 959 2138 tello
998 2106 1039 2140 H
1163 2106 1239 2141 187
1278 2110 1368 2140 tacta
1413 2106 1653 2141 Schraderus
1694 2106 1785 2140 lacta

300 2158 545 2203 ABCEPQY
560 2159 629 2193 Icta
650 2158 793 2203 Essene,
823 2160 985 2194 Bembus
1003 2159 1074 2208 Igta
1092 2161 1105 2195 l
1171 2171 1277 2206 quom
1305 2160 1353 2196 Ve
1374 2172 1453 2195 eum
1473 2161 1713 2204 ABCEHPQ
1724 2161 1808 2197 Ylt'

302 2221 374 2250 tum
404 2227 439 2259 α,
475 2215 633 2250 Bembus
747 2214 823 2250 188
856 2215 938 2260 quoi
978 2214 1012 2249 V
1035 2226 1113 2250 cum
1143 2216 1184 2250 H
1211 2216 1265 2250 cui
1301 2214 1399 2250 Ψω7
1483 2215 1635 2250 clissitus
1665 2215 1702 2249 B

303 2270 379 2306 189
411 2269 501 2316 Spe3
541 2269 574 2304 V
599 2269 766 2304 Siritusl
878 2280 1003 2304 sensus
1036 2270 1204 2315 fortasse
1238 2273 1427 2317 yenetivus
1465 2274 1533 2305 est.
1573 2281 1713 2304 sensum
1745 2271 1787 2305 H

301 2326 429 2359 sensim
469 2324 523 2359 Va
560 2324 722 2358 membris
759 2325 931 2371 Heynius
1014 2330 1057 2360 cu·
1090 2324 1159 2360 CH
1242 2325 1321 2361 190
1350 2325 1493 2360 Lumine
1530 2326 1571 2360 H
1597 2337 1644 2360 m.
1678 2325 1697 2359 1

302 2381 459 2415 cominus
490 2380 533 2415 H
544 2380 572 2415 V
579 2380 614 2415 Y
648 2380 834 2425 quominus
859 2381 873 2414 l
970 2379 1028 2414 ille
1057 2381 1070 2415 l
1199 2380 1273 2415 191
1305 2379 1447 2427 Inpiger
1483 2380 1525 2415 H
1618 2380 1782 2414 exanimis

301 2436 401 2480 PVI,
433 2436 596 2470 Bembus
660 2435 815 2482 resurgit
845 2435 976 2470 HKVZ
1071 2435 1160 2471 199.
1196 2435 1285 2471 198.
1318 2434 1409 2472 200.
1445 2435 1672 2471 192—197.
1705 2434 1781 2470 201

301 2492 370 2526 hoe
402 2492 530 2526 ordine
559 2491 707 2524 restitui
716 2505 724 2523 .·
754 2491 941 2536 ‘eutycetum
969 2491 1057 2525 libri
1085 2494 1248 2525 tuentur.
1310 2490 1386 2526 199
1417 2490 1536 2525 Nescis
1565 2490 1600 2526 Y
1651 2489 1695 2527 ob
1725 2500 1784 2540 eq-

302 2550 443 2580 cauerat
465 2546 500 2580 B
530 2544 757 2580 obcecauerat
778 2544 917 2580 CHPY
944 2551 1167 2580 cxcecauerat
1200 2545 1228 2580 V
1255 2545 1498 2580 excitaueratl
1586 2545 1663 2581 198
1694 2555 1781 2592 ergo

303 2600 421 2634 tardus
452 2605 525 2635 erat
554 2601 702 2645 scripsi.
762 2604 796 2634 et
827 2599 921 2645 quod
951 2605 1027 2634 erat
1058 2599 1175 2634 tardus
1196 2598 1270 2634 52oe
1300 2605 1408 2646 utque
1439 2605 1513 2635 crat
1543 2599 1632 2635 haud
1662 2599 1781 2634 tardus

303 2656 482 2690 Heinsius
565 2655 679 2689 somni
699 2649 739 2688 oc¹
773 2654 866 2689 omni
892 2653 964 2688 Ψω
1046 2654 1191 2701 langore
1213 2655 1345 2690 JJVYI
1421 2659 1455 2689 et
1485 2654 1576 2701 quod
1600 2659 1673 2689 erat
1694 2654 1781 2688 tardi

302 2711 415 2745 somni
452 2709 475 2744 l.
507 2720 536 2744 r.
576 2710 698 2744 Acrior
727 2720 766 2743 ae
794 2709 926 2755 pallens
970 2710 1074 2744 timor
1118 2709 1209 2744 haud
1246 2714 1443 2744 caecaverat
1481 2720 1510 2744 a.
1542 2710 1710 2745 Kochius
1747 2714 1781 2743 et

303 2764 396 2811 quod
436 2769 508 2799 erat
546 2764 644 2799 tardo
681 2765 795 2799 somni
830 2763 1001 2811 languore
1031 2769 1205 2805 remotus,
1244 2764 1314 2799 Nec
1342 2764 1435 2799 senis
1465 2764 1635 2810 aspiciens
1666 2770 1692 2799 t.
1725 2775 1781 2799 oc-

303 2821 500 2856 caecaverat
528 2830 557 2854 a.
590 2819 862 2867 Hertzberqius
