1884 3126
733 108 867 136 cAPUT
898 108 943 135 11.
1545 91 1601 134 33

78 223 172 272 quin
205 234 294 261 eum
325 233 419 274 prae
450 220 534 261 aliis
563 221 602 260 in
634 220 788 271 dialogo
810 219 875 259 illo
898 218 1126 260 reddiderit.
1175 218 1278 269 quod
1302 225 1434 256 tamen
1456 230 1495 269 p.
1520 215 1601 257 102

77 291 234 342 scripsit
262 290 355 328 ‘sed
388 294 459 334 est,
492 287 712 338 Hermolae,
744 287 862 340 plane
893 288 1048 334 mirum,
1080 287 1120 326 in
1151 285 1213 325 his
1244 285 1426 325 versibus
1448 283 1599 336 (233—

76 355 176 407 264)
214 370 330 409 quam
376 368 562 408 perverse
603 355 722 396 multa
760 356 953 408 legantur.
1015 368 1104 395 nam
1144 358 1301 407 praeter
1341 365 1408 392 eos
1446 352 1514 391 ubi
1553 353 1601 391 de

79 424 277 463 Belidibus
314 429 428 476 poeta
469 423 598 474 deque
628 423 686 475 Ity
723 424 964 463 mentionem
996 423 1109 468 fecit,
1151 422 1191 460 hi
1221 422 1298 473 ipsi
1327 421 1376 460 de
1406 420 1601 461 Alcestide

78 493 128 531 ita
169 498 259 531 sunt
295 493 488 531 immutati
528 496 838 543 spectanturque
877 490 949 531 alia
990 490 1088 530 facie
1126 490 1168 528 in
1206 488 1370 539 reliquis
1406 487 1518 526 libris
1557 499 1602 525 ac

78 561 257 599 visuntur
288 560 327 598 in
359 564 507 603 nostro,
541 566 582 598 ut
613 571 750 598 verear
771 560 804 598 si
834 558 979 598 librum
1009 558 1119 598 illum
1151 557 1218 597 tibi
1248 556 1459 607 legendum
1482 566 1602 606 agno-

78 627 346 679 scendumque
385 639 462 666 non
500 626 741 679 praebuero,
782 639 832 667 ne
864 627 1062 666 existimes
1102 625 1200 664 haec
1230 636 1294 663 me
1324 624 1522 663 invenisse
1553 621 1602 660 de

79 696 203 744 meo',
250 707 361 734 inore
406 696 545 734 aetatis
582 694 688 734 illius
725 694 890 734 nebulas
930 694 1034 733 bono
1072 691 1283 732 Hermolao
1330 690 1602 731 fraudulenter

79 763 300 814 praetexuit
329 767 371 801 ut
401 762 696 801 emendationes
735 774 844 807 suas,
886 773 1052 812 quarum
1083 771 1175 813 pars
1206 771 1280 798 nec
1312 759 1498 798 Vaticano
1530 768 1603 795 nec-

79 829 157 869 ullo
195 828 270 868 alio
309 829 412 869 libro
451 830 725 875 confirmatur,
767 829 913 868 codicis
951 829 1184 868 auctoritate
1222 828 1293 866 niti
1329 825 1602 879 persuaderet.

80 910 151 936 nec
183 910 261 936 uno
293 897 429 936 codice
461 910 553 937 usus
584 903 656 943 est,
688 899 832 950 quippe
862 898 977 937 cuius
1007 901 1140 936 textus
1169 900 1328 947 praeter
1357 895 1604 933 coniecturas

80 964 221 1004 multas
252 967 358 1004 omni
389 965 464 1005 lide
495 965 702 1004 destitutas
732 978 823 1005 cum
854 965 941 1005 aliis
970 964 1084 1004 libris
1115 963 1213 1002 meis
1243 961 1361 1002 modo
1394 960 1453 1000 his
1484 959 1603 999 modo

81 1032 156 1072 illis
187 1027 410 1083 ‘congruat,
458 1037 500 1071 ut
543 1038 702 1083 praeter
748 1034 978 1073 Vaticanum
1024 1031 1121 1071 duos
1165 1030 1387 1074 dumtaxat,
1435 1028 1603 1067 alterum

81 1100 247 1139 familiae
285 1100 331 1139 ad
370 1113 486 1152 quam
525 1113 572 1139 ex
610 1101 706 1140 meis
742 1101 875 1149 APV,
918 1100 1085 1139 alterum
1124 1099 1230 1141 eius,
1269 1096 1318 1136 ad
1357 1108 1474 1148 quam
1505 1096 1548 1134 H
1558 1095 1609 1134 Vl

80 1168 290 1219 pertinent,
323 1167 391 1206 sed
422 1167 527 1207 hunc
558 1169 714 1220 saepius
745 1167 810 1207 illo
841 1173 1004 1207 secutus
1035 1179 1120 1206 esse
1151 1164 1341 1205 videatur.
1393 1175 1486 1202 nam
1516 1163 1604 1214 ipse

81 1246 199 1272 unum
232 1233 334 1283 quod
369 1246 399 1271 v.
422 1232 505 1273 407
528 1233 649 1273 edidit
670 1236 804 1279 Pieris
833 1247 883 1273 ne
913 1235 953 1273 in
984 1247 1056 1274 suo
1086 1233 1245 1286 quidem
1275 1231 1343 1271 illo
1371 1233 1456 1284 ipso
1485 1231 1602 1282 ‘per-

78 1301 224 1338 veteri'
255 1299 331 1350 legi
362 1300 506 1339 fatetur
535 1313 573 1352 p.
599 1298 679 1340 109
710 1303 778 1339 ‘ea
807 1300 987 1353 pagellae
1018 1306 1130 1353 parte
1161 1304 1393 1352 consumpta
1424 1298 1604 1350 delapsa-

78 1379 154 1419 que
194 1369 421 1406 vetustate’.
487 1367 556 1407 sed
599 1367 647 1407 de
684 1369 809 1407 nostri
849 1369 1024 1408 Vaticani
1068 1370 1220 1408 iactura
1265 1366 1361 1406 nihil
1407 1365 1606 1406 adnotavit

76 1435 429 1484 Zangemeisterus,
462 1440 598 1475 contra
629 1431 675 1475 in'
702 1436 915 1488 archetypo
946 1435 1139 1475 librorum
1168 1436 1252 1475 HV
1281 1433 1502 1474 mutilatum
1534 1446 1600 1472 cu-

77 1501 162 1540 licis
206 1502 323 1541 finem
369 1503 490 1542 ruisse
535 1508 688 1542 certum
733 1504 775 1542 fit
814 1505 969 1543 omissis
1012 1505 1052 1543 in
1084 1505 1260 1554 'utroque
1299 1514 1332 1541 v,
1362 1498 1599 1541 412—>414.

77 1582 171 1620 ergo
217 1569 315 1609 fides
352 1570 502 1609 Bembo
545 1570 651 1610 nulla
698 1570 877 1610 habenda
917 1576 995 1616 est,
1050 1572 1117 1622 qui
1153 1577 1285 1611 tamen
1324 1568 1480 1620 qualem
1521 1568 1599 1607 edi-

77 1638 179 1677 derit
209 1643 356 1677 textum
389 1643 431 1677 ut
462 1644 683 1691 appareret,
715 1639 903 1691 adscripsi
934 1640 974 1678 in
1005 1639 1291 1678 commentario
1314 1638 1454 1677 critico
1475 1637 1602 1688 scrip-

77 1711 184 1745 turas
214 1706 318 1750 eius,
360 1717 459 1756 quae
488 1705 556 1745 ubi
588 1705 684 1745 nihil
714 1706 896 1745 adnotavi
926 1711 1153 1758 congruunt
1183 1718 1271 1745 cum
1302 1705 1416 1745 libris
1445 1711 1484 1744 et
1512 1717 1602 1743 cum

76 1772 212 1812 Aldina
245 1772 311 1824 (α).
364 1784 465 1823 quae
495 1779 625 1813 autem
657 1774 698 1812 in
726 1773 911 1813 Vaticano
944 1774 1081 1814 codice
1112 1774 1335 1814 recentiore
1366 1785 1484 1812 manu
1516 1784 1604 1811 cor-

78 1840 243 1879 rectoris
279 1839 398 1879 inlata
433 1846 544 1886 sunt,
588 1840 635 1880 ad
667 1842 796 1892 ipsum
829 1841 1018 1882 Bembum
1050 1847 1255 1882 auctorem
1286 1841 1468 1880 videntur
1498 1839 1602 1879 rele—
1657 1876 1662 1880 .

78 1907 199 1946 renda
232 1900 358 1948 esses

190 1975 318 2014 Codex
357 1976 668 2016 Barla-ianus
708 1989 771 2016 no.
802 1973 915 2017 2534
954 1977 1046 2016 olim
1087 1976 1241 2028 collegii
1271 1976 1491 2027 Agenensis
1520 1987 1601 2014 soc.

76 2042 164 2082 lesu
204 2041 435 2096 κειμήλιον
477 2045 517 2083 in
556 2044 733 2095 catalogo
773 2044 915 2085 dictus.
983 2046 1115 2084 insunt
1152 2045 1351 2092 bucolica,
1389 2044 1598 2092 yeorqica,

77 2111 239 2159 Aeneis,
279 2122 406 2160 copa,
445 2117 505 2151 est
539 2117 578 2152 et
613 2124 715 2160 non,
762 2114 824 2152 vir
864 2113 988 2152 bonus
1016 2117 1054 2151 et
1089 2114 1250 2162 sapiens
1281 2123 1314 2150 e.
1346 2124 1383 2162 q.
1417 2123 1463 2156 s.,
1508 2110 1604 2149 ‘ver

76 2183 166 2217 erat
194 2184 231 2217 et
259 2179 432 2218 blando'
464 2191 498 2218 e.
532 2191 570 2231 q.
602 2192 648 2225 s.,
695 2185 900 2228 moretum,
938 2180 1088 2219 Tibulli
1113 2179 1163 2218 lv
1196 2176 1260 2223 14,
1293 2179 1432 2218 culicis
1463 2189 1601 2216 versus

81 2243 227 2286 1—93.
288 2246 462 2286 refertur
493 2246 540 2286 ad
572 2246 719 2287 saeculi
750 2246 836 2285 XIII
866 2247 1034 2285 initium.
1086 2245 1251 2285 contulit
1281 2244 1419 2284 culicis
1448 2249 1600 2296 partem

78 2324 179 2363 quae
217 2318 321 2352 extat
359 2319 519 2364 rogatus
558 2327 646 2354 mea
684 2314 807 2365 gratia
846 2326 867 2352 a
898 2312 1096 2353 Guilelmo
1126 2313 1323 2364 Wagnero
1362 2311 1599 2351 benevolen-

79 2381 224 2419 tissime
255 2381 312 2419 vir
348 2381 705 2420 reverendissimus
736 2381 776 2420 E.
809 2380 855 2420 R.
888 2380 1058 2426 Horton,
1097 2380 1147 2419 M.
1179 2382 1236 2425 A„
1268 2379 1601 2431 Cantabrigiensis

78 2459 215 2499 nuper,
238 2459 344 2487 nunc
364 2446 642 2493 Londinensis;
673 2448 776 2488 unde
798 2447 1024 2488 Colbertino
1045 2447 1185 2499 Silligii
1205 2453 1346 2500 quarto
1374 2447 1458 2487 fere
1478 2449 1601 2499 gemi-

79 2526 183 2560 num,
217 2513 255 2553 li.
281 2527 314 2554 e.
345 2515 475 2565 exigui
505 2515 565 2554 vel
594 2515 738 2555 nullius
767 2516 884 2567 pretii
916 2507 1002 2556 esse
1030 2514 1218 2555 intellexi.
1273 2515 1372 2567 siglo
1402 2516 1532 2555 notavi
1557 2515 1600 2555 Ο.

201 2583 476 2622 Vossianus
511 2595 549 2622 n.
591 2580 645 2622 78
681 2585 804 2622 catal.
843 2584 934 2623 bibl.
967 2585 1074 2623 univ.
1105 2584 1334 2635 Leidensis,
1371 2583 1413 2622 in
1450 2595 1600 2636 papyro

79 2650 247 2702 scriptus
286 2650 419 2689 nescio
451 2661 526 2700 qua
557 2655 701 2695 aetate,
744 2662 834 2689 nam
864 2651 950 2701 ipse
981 2662 1060 2690 non
1089 2643 1187 2689 vidi.⁴
1241 2650 1483 2702 descriptum
1514 2663 1601 2690 esse

81 2729 127 2756 ex
158 2717 327 2756 editione
363 2722 515 2757 vetusta
547 2718 774 2757 Vicentinae
805 2730 838 2757 a.
874 2715 983 2757 1479
1012 2717 1209 2757 simillima
1247 2718 1470 2769 suspicatur
1499 2719 1600 2758 Nae-

83 2783 168 2823 kins
196 2796 235 2835 p.
265 2782 349 2824 369
378 2797 461 2836 sqq.
522 2785 660 2824 insunt
695 2791 824 2824 autem
863 2790 1022 2837 praeter
1056 2785 1276 2826 versiculos
1304 2785 1450 2826 multos
1483 2786 1529 2837 (e.
1564 2800 1596 2826 c.

172 2860 352 2896 mnenon,
381 2861 535 2885 venun„
564 2861 616 2886 ιν.
1302 2852 1329 2894 3
