1884 3126
310 157 339 184 X
894 156 1167 186 PRAEFATIO.

305 272 455 307 norum
490 266 863 320 grammaticorum
900 266 1203 308 consuetudine
1240 265 1370 307 etiam
1397 271 1659 317 moneretur,
1690 279 1793 319 quos

307 346 536 387 usurpasse
572 346 715 373 omnes
752 332 846 373 illas
884 332 968 373 iam
999 347 1128 388 supra
1157 338 1377 372 narratum
1407 331 1547 372 esset?
1606 337 1792 372 ceterum

306 413 393 439 non
435 397 650 451 integrum
693 398 907 451 Suetonii,
958 398 1033 440 sed
1074 398 1229 453 partim
1272 397 1317 437 in
1359 397 1490 439 breve
1528 403 1790 455 contractum

308 464 696 505 commentariolum
725 464 850 506 hodie
881 469 1028 505 extare
1058 464 1182 507 valde
1220 461 1442 519 probabile
1473 462 1544 503 vel
1573 477 1621 504 eo
1652 457 1792 504 reddi-

307 536 397 582 tur,
429 530 543 585 quod
573 530 626 571 de
655 531 778 572 varia
807 531 1091 585 antisigmatis
1113 530 1226 586 apud
1247 528 1435 570 Graecos
1458 530 1503 571 vi
1532 530 1584 569 ne
1613 529 1791 571 verbum

307 595 476 651 quidem
506 597 666 637 factum
697 603 762 637 est
791 603 918 651 atque
939 597 1160 652 sequentia
1179 609 1346 652 quoque
1374 595 1508 637 multo
1530 609 1657 650 quam
1677 600 1792 636 ante·

306 662 502 703 cedentia
538 662 718 703 exiliora
755 669 854 703 sunt
892 663 1088 719 omnique
1127 663 1391 704 Graecorum
1419 660 1792 716 grammaticorum

307 729 703 770 commemoratione
739 735 896 772 carent.
956 730 1240 783 antisigmatis
1270 742 1372 770 vero
1412 742 1507 768 cum
1537 733 1693 783 puncto
1724 727 1790 768 de-

306 795 540 836 finitionem
568 802 713 853 utrum
742 810 821 850 ego
851 796 986 837 verba
1015 795 1178 850 antiqui
1207 796 1328 836 testis
1358 795 1485 850 plana
1515 799 1557 834 et
1586 792 1794 848 simplicia

307 868 478 903 secutus
507 861 719 903 veriorem
747 862 1040 918 proposuerim
1070 876 1124 903 an
1144 861 1328 913 Riesius,
1360 859 1434 902 alii
1463 859 1623 901 iudices
1655 865 1793 900 sunto.

306 926 410 968 mihi
439 942 524 968 non
551 929 764 982 persuasit
793 928 865 983 qui
894 933 1021 982 prout
1049 927 1168 969 lubet
1197 926 1377 982 quodvis
1409 925 1623 971 silentium
1652 930 1793 967 aucto-

306 995 364 1034 ris
408 994 474 1034 sui
516 998 732 1048 tamquam
782 993 954 1035 doctum
1005 1008 1054 1034 ac
1099 994 1302 1034 disertum
1346 999 1598 1044 veneratur,
1650 991 1793 1052 verbis

306 1059 499 1114 quamvis
536 1060 651 1100 sanis
689 1065 815 1114 atque
852 1059 1085 1115 perspicuis
1123 1059 1252 1100 fidem
1287 1059 1395 1100 adeo
1432 1073 1518 1099 non
1559 1058 1711 1110 habet,
1747 1063 1794 1098 ut

307 1125 535 1179 argutandi
574 1125 808 1167 subtilitate
845 1131 887 1166 et
929 1126 1155 1167 arbitraria
1191 1125 1541 1180 interpretatione
1578 1129 1795 1179 pervertat

307 1198 434 1247 atque
463 1192 509 1231 in
538 1191 657 1245 peius
689 1191 940 1247 detorqueat
970 1192 1233 1233 sententiam.

415 1258 613 1312 Denique
644 1257 898 1309 Quintiliani
918 1259 1087 1299 Riesius
1118 1274 1158 1313 p.
1182 1258 1263 1299 873
1291 1257 1383 1299 1000
1413 1257 1593 1312 quodam
1627 1255 1666 1309 (I
1685 1256 1725 1308 4,
1746 1257 1791 1310 3)

306 1325 418 1379 quod
455 1329 672 1378 tamquam
709 1324 976 1377 testimonio,
1020 1340 1107 1366 non
1142 1339 1267 1365 usum
1303 1323 1425 1365 obelo
1463 1337 1556 1363 esse
1592 1322 1791 1374 Probum,

306 1391 512 1442 abutitur,
543 1396 586 1431 et
614 1390 792 1430 nimium
823 1390 859 1431 si
881 1390 984 1445 quid
1004 1391 1138 1432 sentio
1168 1390 1324 1445 probat
1351 1395 1393 1431 et
1413 1403 1518 1444 quae
1539 1387 1792 1440 Quintiliani

307 1457 363 1497 sit
391 1456 602 1498 sententia
636 1457 773 1496 minus
811 1456 1124 1498 animadvertit.
1184 1456 1256 1511 qui
1286 1470 1382 1496 cum
1410 1461 1531 1497 tanta
1559 1461 1704 1496 narret
1733 1454 1792 1495 iu-

308 1523 408 1564 dicii
438 1523 665 1563 severitate
694 1536 794 1564 usos
824 1536 918 1563 esse
947 1528 1111 1564 veteres
1140 1523 1459 1577 grammaticos,
1491 1524 1560 1563 tut
1587 1536 1672 1561 non
1700 1535 1792 1563 vcr—

307 1604 377 1630 sus
414 1588 540 1630 modo
587 1588 782 1630 censoria
819 1588 1004 1644 quadam
1046 1588 1216 1642 virgula
1260 1594 1408 1629 notare
1445 1594 1488 1628 et
1522 1587 1676 1640 libros,
1721 1587 1793 1643 qui

306 1655 416 1696 falso
446 1655 694 1696 viderentur
721 1655 929 1709 inscripti,
961 1661 1176 1710 tamquam
1207 1655 1403 1696 subditos
1434 1667 1701 1695 summovere
1729 1653 1791 1694 fa-

307 1720 425 1761 milia
452 1721 722 1776 permiserint
760 1721 862 1772 sibi,
902 1721 977 1761 sed
1013 1726 1206 1761 auctores
1244 1720 1352 1761 alios
1381 1721 1426 1760 in
1455 1719 1645 1761 ordinem
1674 1718 1792 1760 rede-

307 1788 448 1841 gerint
477 1785 782 1842 aliosomnino
812 1787 1048 1827 exemerint
1076 1791 1290 1838 numem’,
1327 1786 1548 1840 proprium
1577 1785 1791 1827 veteribus

308 1854 386 1894 hoc
415 1858 579 1894 tantum
598 1852 816 1894 vindicare
842 1851 1027 1904 videtur,
1058 1852 1168 1907 quod
1198 1857 1411 1906 postremo
1441 1850 1532 1893 loco
1561 1852 1718 1906 posuit,
1747 1851 1792 1891 in

309 1919 501 1961 ordinem
539 1933 841 1974 numerumque
879 1933 1022 1959 eorum
1066 1925 1311 1970 auctorum,
1356 1917 1428 1973 qui
1464 1932 1627 1958 summa
1668 1916 1793 1958 laude

308 1985 427 2038 digni
457 1984 816 2037 existimarentur,
847 1984 952 2026 alios
981 1998 1051 2025 eos
1078 1984 1296 2038 redegisse
1319 1984 1425 2025 alios
1454 1983 1554 2024 inde
1584 1983 1792 2024 exemisse

309 2052 427 2105 (nota
464 2052 575 2091 enim
612 2057 712 2093 sunt
747 2057 941 2093 veterum
975 2051 1344 2105 grammaticorum
1381 2049 1434 2091 de
1464 2049 1609 2090 ordine
1639 2047 1790 2103 (τάξει)

308 2117 585 2158 eminentium
621 2117 665 2157 in
702 2131 867 2172 quoque
903 2117 1142 2159 litterarum
1177 2131 1331 2171 genere
1346 2112 1353 2119 ⁹
1368 2116 1621 2171 scriptorum
1651 2115 1793 2156 studia

308 2190 435 2239 atque
473 2183 759 2237 discrimina)3
797 2182 974 2225 alteram
1009 2190 1153 2225 tamen
1190 2183 1368 2224 cens‘orii
1396 2181 1582 2222 muneris
1611 2186 1791 2236 partem,

309 2264 415 2305 quae
451 2250 496 2290 in
530 2249 729 2290 notandis
774 2250 969 2291 versibus
1014 2249 1195 2304 singulis
1239 2256 1282 2292 et
1326 2247 1577 2290 damnandis
1614 2247 1791 2300 integris

308 2315 428 2357 libris
457 2315 701 2367 constabat,
739 2316 959 2370 vulgarem
995 2322 1037 2356 et
1073 2331 1099 2357 a
1133 2315 1441 2358 recentioribus
1472 2328 1638 2369 quoque
1675 2327 1792 2354 exer-

309 2383 436 2423 citam
473 2381 606 2422 fuisse
641 2387 689 2421 ut
725 2381 866 2422 adhuc
903 2381 1016 2423 soliti
1052 2397 1197 2423 sumus
1233 2390 1467 2437 pergemus
1495 2379 1680 2422 credere.
1740 2393 1794 2420 an

309 2447 545 2488 Varronem
576 2446 766 2502 aliosque
785 2448 1081 2501 grammaticos
1101 2447 1278 2490 Latinos
1305 2448 1349 2488 in
1379 2445 1651 2488 diiudicanda
1669 2443 1792 2486 Plau-

310 2514 495 2554 tinarum
524 2513 766 2555 fabularum
798 2513 959 2567 origine
990 2512 1278 2556 elaboravisse
1306 2513 1420 2567 fugit
1450 2510 1792 2564 Quintilianum?

310 2594 363 2620 ne
392 2585 456 2620 tot
485 2579 567 2620 alia
596 2579 790 2634 exempla
818 2579 1054 2631 notissima,
1076 2581 1230 2635 quibus
1250 2580 1331 2621 hoc
1350 2578 1650 2634 grammaticae
1671 2576 1792 2618 disci-

310 2644 451 2700 plinae
487 2659 661 2686 munere
697 2659 924 2700 numquam
960 2659 1044 2685 non
1070 2646 1246 2687 Latinos
1282 2645 1472 2687 homines
1501 2644 1670 2685 functos
1701 2657 1793 2685 esse

312 2716 507 2766 apparet,
539 2711 825 2752 enumerando
855 2710 1044 2752 taedium
1074 2717 1116 2752 et
1142 2711 1247 2753 mihi
1277 2717 1318 2753 et
1347 2710 1442 2752 aliis
1472 2711 1665 2751 excitem.

422 2776 573 2818 Acrior
608 2777 879 2819 adversarius
929 2777 1217 2830 coniecturae,
1258 2791 1385 2834 quam
1433 2777 1478 2818 in
1519 2775 1708 2831 prolegg.
1751 2789 1791 2830 p.
