1884 3126
705 115 982 147 PRAEFATIO.
1101 150 1107 156 ⁸
1163 162 1166 165 -
1562 115 1611 144 1x

89 231 364 290 appellantur
401 221 721 274 commentariis
759 228 1053 272 dubitationes
1093 229 1252 271 rectius
1284 227 1451 270 dixeris
1481 241 1613 283 quam

92 301 360 358 suspiciones
399 297 614 356 (prolegg.
648 297 752 341 crit.
789 312 833 354 p.
863 296 916 339 27
949 311 1012 353 sq.
1053 302 1096 339 et
1135 295 1216 339 175
1245 295 1358 352 sqq.)
1391 301 1614 352 tamquam

90 369 362 415 coniecturas
394 366 659 410 confidenter
687 364 879 422 prolatas
917 364 1109 407 refutare
1140 363 1330 417 studuit,
1369 362 1477 405 nihil
1508 377 1614 404 sane

91 436 196 478 fecit
225 450 355 492 quam
385 434 678 486 difficultates,
710 447 818 490 quas
854 434 899 475 in
934 433 1187 490 quaestione
1215 430 1292 474 illa
1321 431 1487 487 positas
1518 445 1615 472 esse

91 503 211 545 haud
240 502 631 554 dissimulaveram,
665 500 918 543 edisseruit:
950 515 1052 543 nam
1082 506 1248 542 certam
1278 513 1375 541 esse
1404 497 1615 540 traditam

93 571 148 613 de
179 570 475 628 grammaticis
511 569 609 613 istis
646 569 897 612 memoriam
937 570 1095 626 quique
1125 566 1288 610 fuerint
1315 581 1371 609 ne
1396 567 1492 623 ipse
1522 565 1614 621 qui-

93 639 191 682 dem
221 638 384 681 docuit.
431 652 646 695 quamque
675 636 890 682 fluctuans
920 637 967 678 111
996 637 1063 678 1118
1094 634 1287 678 1011011118
1316 633 1529 676 iudicium
1559 633 1616 675 sit

94 705 165 749 vel
202 705 288 748 illis
326 705 484 757 elucet,
522 705 681 763 quibus
719 720 806 748 non
843 705 975 747 licere
1013 706 1190 746 ‘ebrii'
1227 717 1383 745 nomen
1413 701 1615 745 omnibus

93 774 288 830 ignotum
316 775 363 816 in
390 773 732 816 illustrissimum
770 777 936 816 Verrii
962 771 1122 814 mutari
1152 770 1432 813 adnotatione
1461 769 1518 812 ad
1547 784 1616 825 ge.

96 841 161 884 IV
200 841 282 884 120
330 844 492 895 ‘intyba
535 845 748 895 inebrii‚
795 844 935 883 intuba
978 845 1026 882 in
1074 842 1394 882 Corniliani'
1440 837 1615 880 demon-

97 916 235 952 strare
265 916 445 952 conatus
476 915 562 952 est:
595 909 802 951 Verrium
831 907 1000 951 80111001
1028 911 1182 958 intuba,
1215 920 1303 948 non
1333 909 1472 959 intyba
1501 920 1615 948 com-

95 976 398 1040 mendaturum
426 977 578 1020 fuisse.
619 991 772 1019 verum
790 976 924 1030 istud,
955 991 1036 1018 nec
1055 975 1184 1017 latuit
1212 989 1281 1015 me
1302 973 1449 1016 Verrii
1469 972 1617 1016 Flacci

98 1045 309 1098 doctrina,
340 1045 394 1087 de
423 1060 510 1101 qua
538 1060 582 1102 p.
613 1045 692 1087 123
723 1052 766 1087 et
794 1044 879 1087 452
908 1043 1069 1086 monui.
1110 1042 1187 1084 sed
1217 1041 1375 1098 ecquid
1406 1040 1489 1084 erit
1518 1055 1616 1097 sup-

97 1111 235 1169 plicii,
275 1112 313 1154 si
349 1112 442 1154 fieri
478 1112 672 1168 potuisse
704 1111 966 1155 ‘audebimus
1006 1110 1196 1167 opinari,
1240 1116 1291 1152 ut
1333 1114 1618 1151 commutaret

98 1178 304 1222 librarius
342 1179 556 1223 vocabula
594 1179 814 1221 simillima
850 1186 893 1221 01
929 1178 1044 1221 falso
1082 1178 1293 1221 tribueret
1335 1176 1464 1219 alteri
1502 1176 1617 1234 quod

56 1271 61 1274 -
98 1246 275 1290 alterius
296 1254 431 1301 esset,
460 1261 558 1288 cum
581 1247 758 1289 deberet
779 1246 1026 1290 describere
1057 1246 1188 1288 haec:
1222 1248 1383 1288 ‘intuba
1409 1248 1616 1297 inebrii,

97 1318 234 1367 intyba
275 1315 329 1356 in
367 1315 706 1357 Cornilz’ani'?
749 1329 852 1356 nam
887 1314 981 1357 veri
1018 1313 1124 1371 quid
1161 1314 1219 1356 sit
1253 1313 1300 1356 in
1335 1312 1418 1354 hac
1455 1311 1618 1355 nebula

98 1382 310 1439 dispicere
347 1388 478 1439 atque
515 1382 745 1425 adfirmare
782 1382 907 1425 nobis
938 1381 1196 1425 mortalibus
1226 1395 1483 1425 concessum
1513 1395 1618 1423 sane

96 1465 184 1493 non
213 1457 295 1492 est.

210 1517 375 1561 Contra
402 1518 626 1560 verissime
661 1519 827 1561 monuit
863 1518 1072 1574 Hagenus
1110 1533 1152 1574 p.
1186 1517 1268 1560 726
1306 1532 1417 1575 quae
1445 1517 1492 1559 in
1520 1532 1618 1573 pro-

98 1585 211 1641 legg.
241 1601 284 1640 p.
317 1586 397 1628 172
435 1586 758 1628 ad-Terentium
792 1588 992 1629 Scaurum
1029 1585 1179 1628 rettuli
1215 1585 1273 1627 ad
1310 1584 1389 1628 ecl.
1420 1585 1533 1628 VIII
1563 1585 1618 1628 65

98 1654 146 1694 in
177 1653 351 1696 scholiis
381 1655 513 1696 Bern.
544 1653 772 1706 adnotata,
804 1653 862 1695 ad
891 1659 1064 1710 poetam
1085 1653 1340 1695 Terentium
1370 1652 1528 1708 (Andr.
1551 1653 1618 1695 IV

96 1721 136 1773 3,
171 1721 240 1774 11)
272 1727 481 1777 spectare.

208 1788 278 1830 De
307 1794 445 1831 notis
472 1792 674 1831 criticis
702 1803 729 1830 a
768 1792 973 1831 Valerio
1002 1790 1163 1831 P‘robo
1193 1789 1402 1832 adhibitis
1432 1803 1543 1846 quae
1572 1789 1617 1830 in

96 1855 290 1912 prolegg.
321 1856 435 1899 critt.
465 1871 508 1913 p.
541 1856 622 1898 150
650 1871 744 1912 sqq.
775 1863 819 1899 01
849 1862 1000 1900 contra
1030 1861 1363 1899 Alexandrum
1394 1860 1616 1899 Riesium

96 1924 142 1965 in
179 1923 375 1966 eiusdem
411 1923 514 1966 libri
558 1915 828 1980 praefatione
865 1940 907 1980 p.
939 1924 1055 1966 VIII
1092 1940 1186 1981 sqq.
1233 1924 1456 1980 disputavi
1499 1923 1616 1966 idem

95 2005 233 2047 nuper
261 1990 455 2033 refutare
485 1997 665 2033 conatus
697 1998 763 2034 est
792 1991 838 2033 in
866 1991 1143 2035 Fleckeiseni
1173 1992 1404 2035 annalibus
1434 2006 1474 2034 a.
1509 1991 1617 2034 1866

97 2074 138 2115 p.
170 2058 252 2100 868
283 2074 389 2115 sqq.7
421 2058 498 2101 sed
527 2058 689 2123 talibus
719 2058 792 2101 ille
822 2060 1090 2115 argumentis
1121 2075 1250 2114 USUS,
1282 2059 1441 2116 quibus
1472 2060 1616 2102 brevi-

96 2133 164 2168 ter
205 2125 468 2182 respondere
514 2126 619 2168 satis
664 2126 862 2170 habeam.
922 2142 1024 2170 nam
1068 2129 1143 2184 qui
1190 2128 1235 2169 in
1274 2126 1618 2170 commentarioli

96 2193 219 2235 initio
246 2193 356 2235 haec
387 2188 623 2251 scripserai
651 2195 885 2238 Suetonius
917 2195 1031 2237 ‘his'
1065 2194 1145 2250 (sc.
1176 2195 1309 2252 notis)
1343 2198 1410 2237 ‘et
1439 2194 1542 2237 olim
1571 2195 1617 2236 in

96 2261 451 2304 adnotationibus
491 2261 624 2304 Ennii
660 2261 820 2304 Lucilii
857 2269 901 2305 et
939 2262 1234 2304 scaenicorum
1271 2263 1340 2304 usi
1377 2269 1478 2305 sunt
1506 2262 1618 2304 Var-

95 2328 299 2383 gunteius
328 2328 591 2384 Laeliusque
622 2336 665 2371 et
693 2335 913 2384 postremo
945 2333 1117 2384 Probus,
1150 2335 1220 2382 qui
1248 2334 1340 2372 illas
1369 2334 1411 2372 in
1440 2334 1617 2382 Vergilio

96 2402 135 2437 et
170 2399 344 2437 Horatio
381 2403 420 2437 et
448 2399 637 2438 Lucretio
679 2401 870 2449 apposuit
909 2405 962 2440 ut
1003 2401 1219 2440 Homero
1260 2401 1615 2441 Aristarchus’

96 2462 250 2505 habuit
278 2462 474 2519 profecto
505 2477 583 2505 cur
611 2478 698 2506 non
729 2463 782 2507 de
805 2466 866 2507 eis
887 2471 1072 2520 tantum,
1104 2465 1262 2522 quibus
1293 2466 1380 2508 alio
1411 2480 1463 2508 ac
1483 2466 1617 2508 ceteri

97 2529 296 2583 consilio,
334 2529 412 2572 sed
442 2530 496 2573 de
525 2532 587 2573 eis
618 2547 810 2589 quoque,
848 2533 1023 2589 quibus*
1044 2531 1165 2576 solus
1202 2531 1274 2575 vel
1309 2534 1475 2589 primus
1512 2548 1615 2576 usus

98 2604 192 2639 erat
228 2597 532 2652 Aristarchus,
570 2599 789 2655 expressis
828 2600 975 2642 verbis
1020 2599 1274 2642 adfirmaret
1315 2600 1617 2643 auctoritatem

98 2663 189 2706 eius
227 2671 422 2707 secutum
459 2680 556 2708 esse
584 2665 790 2709 Probum.
850 2667 896 2708 in
926 2667 1103 2724 reliquis
1134 2675 1302 2722 autem,
1334 2683 1516 2725 quarum
1545 2669 1616 2712 vel

99 2732 334 2774 communis
371 2733 571 2776 omnibus
609 2732 681 2776 vel
717 2730 887 2790 spretus
926 2735 1102 2791 quidem
1141 2735 1197 2778 ab
1227 2736 1506 2790 Aristarcho,
1538 2736 1614 2778 sed

100 2813 186 2841 non
220 2799 369 2843 varius
407 2800 523 2857 apud
564 2807 729 2844 ceteros
757 2816 862 2844 usus
892 2803 1038 2845 fuerat
1047 2834 1059 2856 ‚
1091 2816 1168 2844 cur
1195 2804 1374 2846 tandem
1404 2803 1459 2846 de
1487 2803 1615 2845 Lati-
