<?xml version="1.0" encoding="UTF-8"?>
<!DOCTYPE html PUBLIC "-//W3C//DTD XHTML 1.0 Transitional//EN"
    "http://www.w3.org/TR/xhtml1/DTD/xhtml1-transitional.dtd">
<html xmlns="http://www.w3.org/1999/xhtml" xml:lang="en" lang="en">
 <head>
  <title>
</title>
<meta http-equiv="Content-Type" content="text/html;charset=utf-8" />
  <meta name='ocr-system' content='tesseract 3.04.00' />
  <meta name='ocr-capabilities' content='ocr_page ocr_carea ocr_par ocr_line ocrx_word'/>
</head>
<body>
  <div class='ocr_page' id='page_1' title='image "./operavirg04virguoft_0133.png"; bbox 0 0 1884 3126; ppageno 0'>
   <div class='ocr_carea' id='block_1_1' title="bbox 796 146 1639 189">
    <p class='ocr_par' dir='ltr' id='par_1_1' title="bbox 796 146 1639 189">
     <span class='ocr_line' id='line_1_1' title="bbox 796 146 1639 189; baseline -0.001 0"><span class='ocrx_word' id='word_1_1' title='bbox 796 160 919 189; x_wconf 73' lang='lat' dir='ltr'><strong>c1n1s.</strong></span> <span class='ocrx_word' id='word_1_2' title='bbox 1558 146 1639 188; x_wconf 86' lang='lat'><strong>113</strong></span> 
     </span>
    </p>
   </div>
   <div class='ocr_carea' id='block_1_2' title="bbox 223 273 1639 1725">
    <p class='ocr_par' dir='ltr' id='par_1_2' title="bbox 227 273 1298 328">
     <span class='ocr_line' id='line_1_2' title="bbox 227 273 1298 328; baseline -0.004 -14"><span class='ocrx_word' id='word_1_3' title='bbox 227 286 326 328; x_wconf 88' lang='lat' dir='ltr'><strong>quae</strong></span> <span class='ocrx_word' id='word_1_4' title='bbox 358 273 465 326; x_wconf 86' lang='lat' dir='ltr'><strong>prius</strong></span> <span class='ocrx_word' id='word_1_5' title='bbox 495 274 534 312; x_wconf 91' lang='lat' dir='ltr'><strong>in</strong></span> <span class='ocrx_word' id='word_1_6' title='bbox 565 274 675 313; x_wconf 87' lang='lat' dir='ltr'><strong>tenui</strong></span> <span class='ocrx_word' id='word_1_7' title='bbox 706 277 867 313; x_wconf 84' lang='lat' dir='ltr'><strong>steterat</strong></span> <span class='ocrx_word' id='word_1_8' title='bbox 896 273 1095 312; x_wconf 86' lang='lat' dir='ltr'><strong>succincta</strong></span> <span class='ocrx_word' id='word_1_9' title='bbox 1127 277 1298 311; x_wconf 85' lang='lat' dir='ltr'><strong>crocota.</strong></span> 
     </span>
    </p>

    <p class='ocr_par' dir='ltr' id='par_1_3' title="bbox 227 345 1254 399">
     <span class='ocr_line' id='line_1_3' title="bbox 227 345 1254 399; baseline -0.004 -11"><span class='ocrx_word' id='word_1_10' title='bbox 227 348 355 388; x_wconf 86' lang='lat' dir='ltr'><strong>dulcia</strong></span> <span class='ocrx_word' id='word_1_11' title='bbox 387 347 530 388; x_wconf 87' lang='lat' dir='ltr'><strong>deinde</strong></span> <span class='ocrx_word' id='word_1_12' title='bbox 560 348 674 399; x_wconf 84' lang='lat' dir='ltr'><strong>genis</strong></span> <span class='ocrx_word' id='word_1_13' title='bbox 704 345 933 387; x_wconf 84' lang='lat' dir='ltr'><strong>rorantibus</strong></span> <span class='ocrx_word' id='word_1_14' title='bbox 966 345 1098 385; x_wconf 86' lang='lat' dir='ltr'><strong>oscula</strong></span> <span class='ocrx_word' id='word_1_15' title='bbox 1128 346 1254 396; x_wconf 88' lang='lat' dir='ltr'><strong>figens</strong></span> 
     </span>
    </p>

    <p class='ocr_par' dir='ltr' id='par_1_4' title="bbox 227 417 1236 474">
     <span class='ocr_line' id='line_1_4' title="bbox 227 417 1236 474; baseline -0.005 -12"><span class='ocrx_word' id='word_1_16' title='bbox 227 423 483 474; x_wconf 80' lang='lat' dir='ltr'><strong>persequitur</strong></span> <span class='ocrx_word' id='word_1_17' title='bbox 514 422 681 461; x_wconf 80' lang='lat' dir='ltr'><strong>miserae</strong></span> <span class='ocrx_word' id='word_1_18' title='bbox 712 433 850 461; x_wconf 85' lang='lat' dir='ltr'>causas</span> <span class='ocrx_word' id='word_1_19' title='bbox 881 420 1092 470; x_wconf 80' lang='lat' dir='ltr'><strong>exquirere</strong></span> <span class='ocrx_word' id='word_1_20' title='bbox 1124 417 1236 463; x_wconf 89' lang='lat' dir='ltr'><strong>tabis,</strong></span> 
     </span>
    </p>

    <p class='ocr_par' dir='ltr' id='par_1_5' title="bbox 227 492 1637 619">
     <span class='ocr_line' id='line_1_5' title="bbox 227 492 1637 546; baseline -0.003 -10"><span class='ocrx_word' id='word_1_21' title='bbox 227 509 299 536; x_wconf 86' lang='lat' dir='ltr'><strong>nec</strong></span> <span class='ocrx_word' id='word_1_22' title='bbox 330 501 463 536; x_wconf 86' lang='lat' dir='ltr'><strong>tamen</strong></span> <span class='ocrx_word' id='word_1_23' title='bbox 494 500 584 535; x_wconf 90' lang='lat' dir='ltr'><strong>ante</strong></span> <span class='ocrx_word' id='word_1_24' title='bbox 617 494 716 534; x_wconf 88' lang='lat' dir='ltr'><strong>ullas</strong></span> <span class='ocrx_word' id='word_1_25' title='bbox 745 494 893 546; x_wconf 81' lang='lat' dir='ltr'><strong>patitur</strong></span> <span class='ocrx_word' id='word_1_26' title='bbox 924 492 1000 533; x_wconf 88' lang='lat' dir='ltr'><strong>sibi</strong></span> <span class='ocrx_word' id='word_1_27' title='bbox 1029 492 1200 532; x_wconf 79' lang='lat' dir='ltr'><strong>reddere</strong></span> <span class='ocrx_word' id='word_1_28' title='bbox 1230 503 1358 537; x_wconf 89' lang='lat' dir='ltr'><strong>voces,</strong></span> <span class='ocrx_word' id='word_1_29' title='bbox 1557 494 1637 532; x_wconf 83' lang='lat'><strong>255</strong></span> 
     </span>
     <span class='ocr_line' id='line_1_6' title="bbox 227 564 1431 619; baseline -0.005 -9"><span class='ocrx_word' id='word_1_30' title='bbox 227 582 490 610; x_wconf 80' lang='lat' dir='ltr'><strong>marmoreum</strong></span> <span class='ocrx_word' id='word_1_31' title='bbox 523 567 782 609; x_wconf 87' lang='lat' dir='ltr'><strong>tremebunda</strong></span> <span class='ocrx_word' id='word_1_32' title='bbox 812 566 955 619; x_wconf 89' lang='lat' dir='ltr'><strong>pedem</strong></span> <span class='ocrx_word' id='word_1_33' title='bbox 988 578 1103 618; x_wconf 89' lang='lat' dir='ltr'><strong>quam</strong></span> <span class='ocrx_word' id='word_1_34' title='bbox 1134 564 1284 606; x_wconf 86' lang='lat' dir='ltr'><strong>rettulit</strong></span> <span class='ocrx_word' id='word_1_35' title='bbox 1315 566 1431 605; x_wconf 87' lang='lat' dir='ltr'><strong>intra.</strong></span> 
     </span>
    </p>

    <p class='ocr_par' dir='ltr' id='par_1_6' title="bbox 226 639 1434 695">
     <span class='ocr_line' id='line_1_7' title="bbox 226 639 1434 695; baseline -0.003 -13"><span class='ocrx_word' id='word_1_36' title='bbox 226 643 289 683; x_wconf 84' lang='lat' dir='ltr'><strong>illa</strong></span> <span class='ocrx_word' id='word_1_37' title='bbox 322 649 453 684; x_wconf 86' lang='lat' dir='ltr'><strong>autem</strong></span> <span class='ocrx_word' id='word_1_38' title='bbox 484 642 602 695; x_wconf 65' lang='lat' dir='ltr'><strong>‘quid</strong></span> <span class='ocrx_word' id='word_1_39' title='bbox 634 644 720 681; x_wconf 88' lang='lat' dir='ltr'><strong>me&#39;</strong></span> <span class='ocrx_word' id='word_1_40' title='bbox 751 642 879 693; x_wconf 89' lang='lat' dir='ltr'><strong>inquit</strong></span> <span class='ocrx_word' id='word_1_41' title='bbox 909 642 969 680; x_wconf 87' lang='lat' dir='ltr'><strong>‘io</strong></span> <span class='ocrx_word' id='word_1_42' title='bbox 1001 639 1215 685; x_wconf 84' lang='lat' dir='ltr'><strong>nutricula,</strong></span> <span class='ocrx_word' id='word_1_43' title='bbox 1248 639 1434 689; x_wconf 76' lang='lat' dir='ltr'><strong>torques?</strong></span> 
     </span>
    </p>

    <p class='ocr_par' dir='ltr' id='par_1_7' title="bbox 226 713 1311 770">
     <span class='ocr_line' id='line_1_8' title="bbox 226 713 1311 770; baseline -0.006 -13"><span class='ocrx_word' id='word_1_44' title='bbox 226 717 319 770; x_wconf 85' lang='lat' dir='ltr'><strong>quid</strong></span> <span class='ocrx_word' id='word_1_45' title='bbox 352 722 500 757; x_wconf 86' lang='lat' dir='ltr'><strong>tantum</strong></span> <span class='ocrx_word' id='word_1_46' title='bbox 531 728 723 769; x_wconf 89' lang='lat' dir='ltr'><strong>properas</strong></span> <span class='ocrx_word' id='word_1_47' title='bbox 754 719 912 755; x_wconf 88' lang='lat' dir='ltr'><strong>nostros</strong></span> <span class='ocrx_word' id='word_1_48' title='bbox 941 715 1098 754; x_wconf 84' lang='lat' dir='ltr'><strong>novisse</strong></span> <span class='ocrx_word' id='word_1_49' title='bbox 1128 713 1311 754; x_wconf 79' lang='lat' dir='ltr'><strong>furores?</strong></span> 
     </span>
    </p>

    <p class='ocr_par' dir='ltr' id='par_1_8' title="bbox 227 788 1193 842">
     <span class='ocr_line' id='line_1_9' title="bbox 227 788 1193 842; baseline -0.004 -11"><span class='ocrx_word' id='word_1_50' title='bbox 227 804 305 831; x_wconf 88' lang='lat' dir='ltr'><strong>uon</strong></span> <span class='ocrx_word' id='word_1_51' title='bbox 337 803 408 842; x_wconf 82' lang='lat' dir='ltr'><strong>ego</strong></span> <span class='ocrx_word' id='word_1_52' title='bbox 440 796 628 830; x_wconf 85' lang='lat' dir='ltr'><strong>consueto</strong></span> <span class='ocrx_word' id='word_1_53' title='bbox 659 788 889 829; x_wconf 85' lang='lat' dir='ltr'><strong>mortalibus</strong></span> <span class='ocrx_word' id='word_1_54' title='bbox 922 801 1016 828; x_wconf 86' lang='lat' dir='ltr'><strong>uror</strong></span> <span class='ocrx_word' id='word_1_55' title='bbox 1046 799 1193 833; x_wconf 84' lang='lat' dir='ltr'><strong>amore,</strong></span> 
     </span>
    </p>

    <p class='ocr_par' dir='ltr' id='par_1_9' title="bbox 227 861 1639 990">
     <span class='ocr_line' id='line_1_10' title="bbox 227 861 1639 906; baseline -0.002 -2"><span class='ocrx_word' id='word_1_56' title='bbox 227 877 298 905; x_wconf 88' lang='lat' dir='ltr'><strong>nec</strong></span> <span class='ocrx_word' id='word_1_57' title='bbox 329 863 424 904; x_wconf 90' lang='lat' dir='ltr'><strong>mihi</strong></span> <span class='ocrx_word' id='word_1_58' title='bbox 453 869 636 904; x_wconf 88' lang='lat' dir='ltr'><strong>notorum</strong></span> <span class='ocrx_word' id='word_1_59' title='bbox 669 863 884 903; x_wconf 85' lang='lat' dir='ltr'><strong>deflectunt</strong></span> <span class='ocrx_word' id='word_1_60' title='bbox 914 861 1061 902; x_wconf 90' lang='lat' dir='ltr'><strong>lumina</strong></span> <span class='ocrx_word' id='word_1_61' title='bbox 1091 861 1232 906; x_wconf 89' lang='lat' dir='ltr'><strong>voltus,</strong></span> <span class='ocrx_word' id='word_1_62' title='bbox 1557 862 1639 902; x_wconf 84' lang='grc'>260</span> 
     </span>
     <span class='ocr_line' id='line_1_11' title="bbox 228 935 1438 990; baseline -0.003 -12"><span class='ocrx_word' id='word_1_63' title='bbox 228 951 301 979; x_wconf 88' lang='lat' dir='ltr'><strong>nec</strong></span> <span class='ocrx_word' id='word_1_64' title='bbox 329 939 486 990; x_wconf 84' lang='lat' dir='ltr'><strong>genitor</strong></span> <span class='ocrx_word' id='word_1_65' title='bbox 516 938 627 979; x_wconf 90' lang='lat' dir='ltr'><strong>cordi</strong></span> <span class='ocrx_word' id='word_1_66' title='bbox 658 943 733 978; x_wconf 88' lang='lat' dir='ltr'><strong>est:</strong></span> <span class='ocrx_word' id='word_1_67' title='bbox 766 935 869 977; x_wconf 89' lang='lat' dir='ltr'><strong>ultro</strong></span> <span class='ocrx_word' id='word_1_68' title='bbox 901 948 1070 988; x_wconf 86' lang='lat' dir='ltr'><strong>namque</strong></span> <span class='ocrx_word' id='word_1_69' title='bbox 1101 935 1256 975; x_wconf 90' lang='lat' dir='ltr'><strong>odimus</strong></span> <span class='ocrx_word' id='word_1_70' title='bbox 1288 947 1438 975; x_wconf 89' lang='lat' dir='ltr'><strong>omnes.</strong></span> 
     </span>
    </p>

    <p class='ocr_par' dir='ltr' id='par_1_10' title="bbox 227 1009 1393 1063">
     <span class='ocr_line' id='line_1_12' title="bbox 227 1009 1393 1063; baseline -0.003 -12"><span class='ocrx_word' id='word_1_71' title='bbox 227 1011 280 1052; x_wconf 88' lang='lat' dir='ltr'><strong>nil</strong></span> <span class='ocrx_word' id='word_1_72' title='bbox 311 1017 414 1051; x_wconf 83' lang='lat' dir='ltr'><strong>amat</strong></span> <span class='ocrx_word' id='word_1_73' title='bbox 443 1011 506 1051; x_wconf 89' lang='lat' dir='ltr'><strong>hic</strong></span> <span class='ocrx_word' id='word_1_74' title='bbox 537 1013 712 1057; x_wconf 89' lang='lat' dir='ltr'><strong>animus,</strong></span> <span class='ocrx_word' id='word_1_75' title='bbox 746 1011 899 1056; x_wconf 86' lang='lat' dir='ltr'><strong>nutrix,</strong></span> <span class='ocrx_word' id='word_1_76' title='bbox 933 1009 1039 1063; x_wconf 91' lang='lat' dir='ltr'><strong>quod</strong></span> <span class='ocrx_word' id='word_1_77' title='bbox 1071 1013 1227 1062; x_wconf 80' lang='lat' dir='ltr'><strong>oportet</strong></span> <span class='ocrx_word' id='word_1_78' title='bbox 1257 1009 1393 1055; x_wconf 88' lang='lat' dir='ltr'><strong>amari,</strong></span> 
     </span>
    </p>

    <p class='ocr_par' dir='ltr' id='par_1_11' title="bbox 227 1084 1360 1138">
     <span class='ocr_line' id='line_1_13' title="bbox 227 1084 1360 1138; baseline -0.003 -14"><span class='ocrx_word' id='word_1_79' title='bbox 227 1085 301 1131; x_wconf 90' lang='lat' dir='ltr'><strong>nil,</strong></span> <span class='ocrx_word' id='word_1_80' title='bbox 335 1098 412 1138; x_wconf 93' lang='lat' dir='ltr'><strong>quo</strong></span> <span class='ocrx_word' id='word_1_81' title='bbox 443 1085 541 1125; x_wconf 86' lang='lat' dir='ltr'><strong>falsa</strong></span> <span class='ocrx_word' id='word_1_82' title='bbox 570 1090 701 1126; x_wconf 85' lang='lat' dir='ltr'><strong>tamen</strong></span> <span class='ocrx_word' id='word_1_83' title='bbox 732 1084 851 1125; x_wconf 86' lang='lat' dir='ltr'><strong>lateat</strong></span> <span class='ocrx_word' id='word_1_84' title='bbox 880 1084 1037 1137; x_wconf 86' lang='lat' dir='ltr'><strong>pietatis</strong></span> <span class='ocrx_word' id='word_1_85' title='bbox 1066 1084 1215 1135; x_wconf 85' lang='lat' dir='ltr'><strong>imago;</strong></span> <span class='ocrx_word' id='word_1_86' title='bbox 1350 1084 1360 1090; x_wconf 71' lang='lat'><em>&#39;</em></span> 
     </span>
    </p>

    <p class='ocr_par' dir='ltr' id='par_1_12' title="bbox 227 1155 1456 1209">
     <span class='ocr_line' id='line_1_14' title="bbox 227 1155 1456 1209; baseline -0.003 -11"><span class='ocrx_word' id='word_1_87' title='bbox 227 1159 296 1198; x_wconf 86' lang='lat' dir='ltr'><strong>sed</strong></span> <span class='ocrx_word' id='word_1_88' title='bbox 325 1158 452 1198; x_wconf 89' lang='lat' dir='ltr'><strong>media</strong></span> <span class='ocrx_word' id='word_1_89' title='bbox 484 1171 531 1198; x_wconf 89' lang='lat' dir='ltr'><strong>ex</strong></span> <span class='ocrx_word' id='word_1_90' title='bbox 561 1159 646 1198; x_wconf 86' lang='lat' dir='ltr'><strong>acie</strong></span> <span class='ocrx_word' id='word_1_91' title='bbox 676 1158 894 1209; x_wconf 85' lang='lat' dir='ltr'><strong>mediisque</strong></span> <span class='ocrx_word' id='word_1_92' title='bbox 925 1170 972 1197; x_wconf 84' lang='lat' dir='ltr'><strong>ex</strong></span> <span class='ocrx_word' id='word_1_93' title='bbox 1003 1156 1195 1197; x_wconf 86' lang='lat' dir='ltr'><strong>hostibus.</strong></span> <span class='ocrx_word' id='word_1_94' title='bbox 1255 1155 1334 1195; x_wconf 93' lang='lat' dir='ltr'><strong>heu</strong></span> <span class='ocrx_word' id='word_1_95' title='bbox 1365 1155 1456 1201; x_wconf 91' lang='lat' dir='ltr'><strong>heu,</strong></span> 
     </span>
    </p>

    <p class='ocr_par' dir='ltr' id='par_1_13' title="bbox 227 1230 1632 1357">
     <span class='ocr_line' id='line_1_15' title="bbox 227 1230 1632 1285; baseline -0.003 -13"><span class='ocrx_word' id='word_1_96' title='bbox 227 1232 319 1285; x_wconf 86' lang='lat' dir='ltr'><strong>quid</strong></span> <span class='ocrx_word' id='word_1_97' title='bbox 349 1232 475 1272; x_wconf 87' lang='lat' dir='ltr'><strong>dicam</strong></span> <span class='ocrx_word' id='word_1_98' title='bbox 506 1244 630 1284; x_wconf 90' lang='lat' dir='ltr'><strong>quove</strong></span> <span class='ocrx_word' id='word_1_99' title='bbox 661 1244 754 1272; x_wconf 87' lang='lat' dir='ltr'><strong>ausa</strong></span> <span class='ocrx_word' id='word_1_100' title='bbox 785 1231 931 1271; x_wconf 86' lang='lat' dir='ltr'><strong>malum</strong></span> <span class='ocrx_word' id='word_1_101' title='bbox 962 1230 1037 1270; x_wconf 90' lang='lat' dir='ltr'><strong>hoc</strong></span> <span class='ocrx_word' id='word_1_102' title='bbox 1068 1230 1250 1270; x_wconf 86' lang='lat' dir='ltr'><strong>exordiar</strong></span> <span class='ocrx_word' id='word_1_103' title='bbox 1281 1230 1376 1269; x_wconf 80' lang='lat' dir='ltr'><strong>ore?</strong></span> <span class='ocrx_word' id='word_1_104' title='bbox 1552 1231 1632 1269; x_wconf 86' lang='grc'>265</span> 
     </span>
     <span class='ocr_line' id='line_1_16' title="bbox 228 1303 1462 1357; baseline -0.002 -12"><span class='ocrx_word' id='word_1_105' title='bbox 228 1306 354 1345; x_wconf 89' lang='lat' dir='ltr'><strong>dicam</strong></span> <span class='ocrx_word' id='word_1_106' title='bbox 387 1305 587 1357; x_wconf 89' lang='lat' dir='ltr'><strong>equidem,</strong></span> <span class='ocrx_word' id='word_1_107' title='bbox 622 1305 887 1356; x_wconf 84' lang='lat' dir='ltr'><strong>quoniamque</strong></span> <span class='ocrx_word' id='word_1_108' title='bbox 920 1303 989 1344; x_wconf 85' lang='lat' dir='ltr'><strong>tibi</strong></span> <span class='ocrx_word' id='word_1_109' title='bbox 1020 1316 1098 1344; x_wconf 88' lang='lat' dir='ltr'><strong>non</strong></span> <span class='ocrx_word' id='word_1_110' title='bbox 1131 1303 1285 1350; x_wconf 88' lang='lat' dir='ltr'><strong>dicere,</strong></span> <span class='ocrx_word' id='word_1_111' title='bbox 1319 1304 1462 1349; x_wconf 84' lang='lat' dir='ltr'><strong>nutrix,</strong></span> 
     </span>
    </p>

    <p class='ocr_par' dir='ltr' id='par_1_14' title="bbox 226 1376 1410 1423">
     <span class='ocr_line' id='line_1_17' title="bbox 226 1376 1410 1423; baseline -0.002 -5"><span class='ocrx_word' id='word_1_112' title='bbox 226 1390 305 1418; x_wconf 86' lang='lat' dir='ltr'><strong>non</strong></span> <span class='ocrx_word' id='word_1_113' title='bbox 335 1380 450 1423; x_wconf 86' lang='lat' dir='ltr'><strong>sinis,</strong></span> <span class='ocrx_word' id='word_1_114' title='bbox 485 1384 706 1419; x_wconf 82' lang='lat' dir='ltr'><strong>extremum</strong></span> <span class='ocrx_word' id='word_1_115' title='bbox 736 1378 811 1418; x_wconf 92' lang='lat' dir='ltr'><strong>hoc</strong></span> <span class='ocrx_word' id='word_1_116' title='bbox 841 1391 985 1418; x_wconf 87' lang='lat' dir='ltr'><strong>munus</strong></span> <span class='ocrx_word' id='word_1_117' title='bbox 1015 1378 1221 1417; x_wconf 87' lang='lat' dir='ltr'><strong>morientis</strong></span> <span class='ocrx_word' id='word_1_118' title='bbox 1251 1376 1410 1416; x_wconf 87' lang='lat' dir='ltr'><strong>habeto.</strong></span> 
     </span>
    </p>

    <p class='ocr_par' dir='ltr' id='par_1_15' title="bbox 223 1450 1335 1504">
     <span class='ocr_line' id='line_1_18' title="bbox 223 1450 1335 1504; baseline -0.001 -13"><span class='ocrx_word' id='word_1_119' title='bbox 223 1451 289 1492; x_wconf 90' lang='lat' dir='ltr'><strong>ille</strong></span> <span class='ocrx_word' id='word_1_120' title='bbox 321 1451 473 1504; x_wconf 88' lang='lat' dir='ltr'><strong>(vides),</strong></span> <span class='ocrx_word' id='word_1_121' title='bbox 505 1454 652 1492; x_wconf 80' lang='lat' dir='ltr'><strong>nostris</strong></span> <span class='ocrx_word' id='word_1_122' title='bbox 673 1453 750 1504; x_wconf 89' lang='lat' dir='ltr'><strong>-qui</strong></span> <span class='ocrx_word' id='word_1_123' title='bbox 779 1451 990 1492; x_wconf 91' lang='lat' dir='ltr'><strong>moenibus</strong></span> <span class='ocrx_word' id='word_1_124' title='bbox 1021 1451 1168 1491; x_wconf 85' lang='lat' dir='ltr'><strong>assidet</strong></span> <span class='ocrx_word' id='word_1_125' title='bbox 1198 1450 1335 1495; x_wconf 87' lang='lat' dir='ltr'><strong>hostis,</strong></span> 
     </span>
    </p>

    <p class='ocr_par' dir='ltr' id='par_1_16' title="bbox 225 1524 1306 1578">
     <span class='ocr_line' id='line_1_19' title="bbox 225 1524 1306 1578; baseline -0.003 -12"><span class='ocrx_word' id='word_1_126' title='bbox 225 1539 340 1578; x_wconf 89' lang='lat' dir='ltr'><strong>quem</strong></span> <span class='ocrx_word' id='word_1_127' title='bbox 370 1531 482 1577; x_wconf 85' lang='lat' dir='ltr'><strong>pater</strong></span> <span class='ocrx_word' id='word_1_128' title='bbox 512 1527 598 1577; x_wconf 86' lang='lat' dir='ltr'><strong>ipse</strong></span> <span class='ocrx_word' id='word_1_129' title='bbox 628 1526 744 1566; x_wconf 89' lang='lat' dir='ltr'><strong>deum</strong></span> <span class='ocrx_word' id='word_1_130' title='bbox 776 1527 925 1578; x_wconf 87' lang='lat' dir='ltr'><strong>sceptri</strong></span> <span class='ocrx_word' id='word_1_131' title='bbox 955 1525 1113 1565; x_wconf 85' lang='lat' dir='ltr'><strong>donavit</strong></span> <span class='ocrx_word' id='word_1_132' title='bbox 1142 1524 1306 1570; x_wconf 88' lang='lat' dir='ltr'><strong>honore,</strong></span> 
     </span>
    </p>

    <p class='ocr_par' dir='ltr' id='par_1_17' title="bbox 225 1598 1635 1725">
     <span class='ocr_line' id='line_1_20' title="bbox 225 1598 1635 1652; baseline 0.001 -13"><span class='ocrx_word' id='word_1_133' title='bbox 225 1601 289 1639; x_wconf 91' lang='lat' dir='ltr'><strong>cui</strong></span> <span class='ocrx_word' id='word_1_134' title='bbox 317 1611 459 1652; x_wconf 86' lang='lat' dir='ltr'><strong>parcae</strong></span> <span class='ocrx_word' id='word_1_135' title='bbox 489 1599 664 1640; x_wconf 83' lang='lat' dir='ltr'><strong>tribuere</strong></span> <span class='ocrx_word' id='word_1_136' title='bbox 694 1612 769 1639; x_wconf 93' lang='lat' dir='ltr'><strong>nec</strong></span> <span class='ocrx_word' id='word_1_137' title='bbox 800 1599 879 1639; x_wconf 87' lang='lat' dir='ltr'><strong>ullo</strong></span> <span class='ocrx_word' id='word_1_138' title='bbox 908 1598 1070 1638; x_wconf 84' lang='lat' dir='ltr'><strong>volnere</strong></span> <span class='ocrx_word' id='word_1_139' title='bbox 1100 1598 1203 1638; x_wconf 86' lang='lat' dir='ltr'><strong>laedi</strong></span> <span class='ocrx_word' id='word_1_140' title='bbox 1552 1601 1635 1640; x_wconf 93' lang='grc'>270</span> 
     </span>
     <span class='ocr_line' id='line_1_21' title="bbox 226 1670 1390 1725; baseline -0.002 -13"><span class='ocrx_word' id='word_1_141' title='bbox 226 1672 447 1725; x_wconf 90' lang='lat' dir='ltr'><strong>(dicendum</strong></span> <span class='ocrx_word' id='word_1_142' title='bbox 479 1678 557 1719; x_wconf 87' lang='lat' dir='ltr'><strong>est,</strong></span> <span class='ocrx_word' id='word_1_143' title='bbox 589 1673 735 1713; x_wconf 81' lang='lat' dir='ltr'><strong>frustra</strong></span> <span class='ocrx_word' id='word_1_144' title='bbox 766 1672 1039 1713; x_wconf 83' lang='lat' dir='ltr'><strong>circumvehor</strong></span> <span class='ocrx_word' id='word_1_145' title='bbox 1071 1672 1201 1711; x_wconf 89' lang='lat' dir='ltr'><strong>omnia</strong></span> <span class='ocrx_word' id='word_1_146' title='bbox 1232 1670 1390 1723; x_wconf 88' lang='lat' dir='ltr'><strong>verbis),</strong></span> 
     </span>
    </p>
   </div>
   <div class='ocr_carea' id='block_1_3' title="bbox 111 1764 379 1769">
    <p class='ocr_par' dir='ltr' id='par_1_18' title="bbox 111 1764 379 1769">
     <span class='ocr_line' id='line_1_22' title="bbox 111 1764 379 1769; baseline 0 0"><span class='ocrx_word' id='word_1_147' title='bbox 111 1764 379 1769; x_wconf 95' lang='lat' dir='ltr'><strong> </strong></span> 
     </span>
    </p>
   </div>
   <div class='ocr_carea' id='block_1_4' title="bbox 196 1799 1634 1866">
    <p class='ocr_par' dir='ltr' id='par_1_19' title="bbox 196 1799 1634 1866">
     <span class='ocr_line' id='line_1_23' title="bbox 196 1799 1634 1866; baseline 0 -13"><span class='ocrx_word' id='word_1_148' title='bbox 196 1816 275 1854; x_wconf 84' lang='lat'><strong>252</strong></span> <span class='ocrx_word' id='word_1_149' title='bbox 305 1813 362 1866; x_wconf 91' lang='lat' dir='ltr'><strong>in]</strong></span> <span class='ocrx_word' id='word_1_150' title='bbox 394 1822 434 1854; x_wconf 85' lang='lat' dir='ltr'><strong>ut</strong></span> <span class='ocrx_word' id='word_1_151' title='bbox 456 1816 542 1855; x_wconf 71' lang='grc' dir='ltr'><strong>ΑΖΕ</strong></span> <span class='ocrx_word' id='word_1_152' title='bbox 628 1799 788 1854; x_wconf 81' lang='lat' dir='ltr'><strong>succinta</strong></span> <span class='ocrx_word' id='word_1_153' title='bbox 806 1817 843 1854; x_wconf 87' lang='lat' dir='ltr'><em>R</em></span> <span class='ocrx_word' id='word_1_154' title='bbox 939 1821 1085 1853; x_wconf 85' lang='lat' dir='ltr'><strong>crocota</strong></span> <span class='ocrx_word' id='word_1_155' title='bbox 1114 1815 1290 1864; x_wconf 73' lang='lat' dir='ltr'><strong>Scaliyer</strong></span> <span class='ocrx_word' id='word_1_156' title='bbox 1320 1826 1452 1852; x_wconf 85' lang='lat' dir='ltr'><strong>corona</strong></span> <span class='ocrx_word' id='word_1_157' title='bbox 1474 1815 1634 1856; x_wconf 75' lang='lat' dir='ltr'><strong>HLReoc</strong></span> 
     </span>
    </p>
   </div>
   <div class='ocr_carea' id='block_1_5' title="bbox 110 1894 1635 2181">
    <p class='ocr_par' dir='ltr' id='par_1_20' title="bbox 110 1894 1635 2181">
     <span class='ocr_line' id='line_1_24' title="bbox 196 1894 1631 1956; baseline -0.001 -12"><span class='ocrx_word' id='word_1_158' title='bbox 196 1907 276 1945; x_wconf 84' lang='lat'><strong>253</strong></span> <span class='ocrx_word' id='word_1_159' title='bbox 308 1907 390 1944; x_wconf 88' lang='lat' dir='ltr'><strong>dein</strong></span> <span class='ocrx_word' id='word_1_160' title='bbox 419 1916 440 1945; x_wconf 89' lang='grc' dir='ltr'>ε</span> <span class='ocrx_word' id='word_1_161' title='bbox 545 1906 686 1956; x_wconf 79' lang='lat' dir='ltr'><strong>fingens</strong></span> <span class='ocrx_word' id='word_1_162' title='bbox 718 1908 753 1944; x_wconf 90' lang='lat' dir='ltr'><em>R</em></span> <span class='ocrx_word' id='word_1_163' title='bbox 877 1905 959 1943; x_wconf 82' lang='lat'><strong>254</strong></span> <span class='ocrx_word' id='word_1_164' title='bbox 988 1906 1223 1956; x_wconf 87' lang='lat' dir='ltr'><strong>Persequitur</strong></span> <span class='ocrx_word' id='word_1_165' title='bbox 1252 1916 1272 1944; x_wconf 87' lang='grc' dir='ltr'>ε</span> <span class='ocrx_word' id='word_1_166' title='bbox 1302 1894 1559 1955; x_wconf 68' lang='lat' dir='ltr'><strong>Persequfmur</strong></span> <span class='ocrx_word' id='word_1_167' title='bbox 1589 1906 1631 1955; x_wconf 85' lang='grc'><strong>(”</strong></span> 
     </span>
     <span class='ocr_line' id='line_1_25' title="bbox 111 1962 1630 2011; baseline -0.001 -9"><span class='ocrx_word' id='word_1_168' title='bbox 111 1978 158 2002; x_wconf 90' lang='lat' dir='ltr'><strong>m.</strong></span> <span class='ocrx_word' id='word_1_169' title='bbox 188 1963 284 2011; x_wconf 87' lang='lat' dir='ltr'><strong>rec.)</strong></span> <span class='ocrx_word' id='word_1_170' title='bbox 315 1965 358 2000; x_wconf 87' lang='lat' dir='ltr'><em>H</em></span> <span class='ocrx_word' id='word_1_171' title='bbox 384 1964 618 2011; x_wconf 85' lang='lat' dir='ltr'><strong>prosequitur</strong></span> <span class='ocrx_word' id='word_1_172' title='bbox 646 1964 741 2000; x_wconf 78' lang='lat' dir='ltr'><strong>LRoc</strong></span> <span class='ocrx_word' id='word_1_173' title='bbox 828 1962 918 1999; x_wconf 89' lang='lat' dir='ltr'><strong>tabis</strong></span> <span class='ocrx_word' id='word_1_174' title='bbox 951 1965 1010 2000; x_wconf 81' lang='lat' dir='ltr'><strong>vir</strong></span> <span class='ocrx_word' id='word_1_175' title='bbox 1039 1965 1176 2000; x_wconf 82' lang='lat' dir='ltr'><strong>doctus</strong></span> <span class='ocrx_word' id='word_1_176' title='bbox 1205 1966 1312 2000; x_wconf 80' lang='lat' dir='ltr'><strong>misc.</strong></span> <span class='ocrx_word' id='word_1_177' title='bbox 1345 1964 1442 2000; x_wconf 80' lang='lat' dir='ltr'><strong>obss.</strong></span> <span class='ocrx_word' id='word_1_178' title='bbox 1465 1963 1510 1999; x_wconf 94' lang='lat' dir='ltr'><strong>IV</strong></span> <span class='ocrx_word' id='word_1_179' title='bbox 1535 1963 1630 2006; x_wconf 89' lang='grc'>325,</span> 
     </span>
     <span class='ocr_line' id='line_1_26' title="bbox 110 2017 1631 2067; baseline -0.001 -9"><span class='ocrx_word' id='word_1_180' title='bbox 110 2021 371 2058; x_wconf 78' lang='lat' dir='ltr'><strong>Mccrlclcmdus</strong></span> <span class='ocrx_word' id='word_1_181' title='bbox 399 2021 424 2056; x_wconf 83' lang='lat' dir='ltr'><strong>l.</strong></span> <span class='ocrx_word' id='word_1_182' title='bbox 456 2022 482 2057; x_wconf 83' lang='lat' dir='ltr'><strong>l.</strong></span> <span class='ocrx_word' id='word_1_183' title='bbox 516 2019 594 2055; x_wconf 88' lang='lat' dir='ltr'><strong>talis</strong></span> <span class='ocrx_word' id='word_1_184' title='bbox 625 2020 701 2056; x_wconf 88' lang='lat' dir='ltr'><strong>HR</strong></span> <span class='ocrx_word' id='word_1_185' title='bbox 734 2019 822 2056; x_wconf 86' lang='lat' dir='ltr'><strong>tales</strong></span> <span class='ocrx_word' id='word_1_186' title='bbox 851 2020 931 2057; x_wconf 75' lang='lat' dir='ltr'><strong>Lea</strong></span> <span class='ocrx_word' id='word_1_187' title='bbox 1047 2019 1127 2057; x_wconf 83' lang='lat'><strong>256</strong></span> <span class='ocrx_word' id='word_1_188' title='bbox 1159 2017 1232 2067; x_wconf 65' lang='lat' dir='ltr'><strong>qu&amp;</strong></span> <span class='ocrx_word' id='word_1_189' title='bbox 1262 2020 1298 2057; x_wconf 91' lang='lat' dir='ltr'><em>R</em></span> <span class='ocrx_word' id='word_1_190' title='bbox 1400 2020 1524 2056; x_wconf 88' lang='lat' dir='ltr'><strong>retulit</strong></span> <span class='ocrx_word' id='word_1_191' title='bbox 1554 2021 1631 2057; x_wconf 87' lang='lat' dir='ltr'><strong>HR</strong></span> 
     </span>
     <span class='ocr_line' id='line_1_27' title="bbox 194 2069 1632 2125; baseline 0.001 -12"><span class='ocrx_word' id='word_1_192' title='bbox 194 2069 253 2114; x_wconf 71' lang='lat' dir='ltr'><strong>inf.</strong></span> <span class='ocrx_word' id='word_1_193' title='bbox 282 2077 326 2113; x_wconf 88' lang='lat' dir='ltr'><em>H</em></span> <span class='ocrx_word' id='word_1_194' title='bbox 437 2075 516 2113; x_wconf 83' lang='lat'><strong>257</strong></span> <span class='ocrx_word' id='word_1_195' title='bbox 539 2075 636 2124; x_wconf 91' lang='lat' dir='ltr'><strong>quod</strong></span> <span class='ocrx_word' id='word_1_196' title='bbox 657 2077 692 2113; x_wconf 90' lang='lat' dir='ltr'><em>R</em></span> <span class='ocrx_word' id='word_1_197' title='bbox 780 2071 855 2125; x_wconf 88' lang='lat' dir='ltr'><strong>me]</strong></span> <span class='ocrx_word' id='word_1_198' title='bbox 887 2072 958 2112; x_wconf 70' lang='lat' dir='ltr'><strong>ufic</strong></span> <span class='ocrx_word' id='word_1_199' title='bbox 979 2087 1034 2112; x_wconf 90' lang='lat' dir='ltr'><strong>me</strong></span> <span class='ocrx_word' id='word_1_200' title='bbox 1061 2076 1092 2112; x_wconf 89' lang='lat' dir='ltr'><em>L</em></span> <span class='ocrx_word' id='word_1_201' title='bbox 1123 2087 1217 2112; x_wconf 88' lang='lat' dir='ltr'><strong>nunc</strong></span> <span class='ocrx_word' id='word_1_202' title='bbox 1246 2087 1303 2112; x_wconf 92' lang='lat' dir='ltr'><strong>me</strong></span> <span class='ocrx_word' id='word_1_203' title='bbox 1323 2085 1343 2113; x_wconf 88' lang='grc' dir='ltr'>ε</span> <span class='ocrx_word' id='word_1_204' title='bbox 1429 2077 1464 2112; x_wconf 94' lang='lat' dir='ltr'><strong>io</strong></span> <span class='ocrx_word' id='word_1_205' title='bbox 1495 2077 1632 2123; x_wconf 82' lang='lat' dir='ltr'><strong>Haup-</strong></span> 
     </span>
     <span class='ocr_line' id='line_1_28' title="bbox 112 2130 1635 2181; baseline -0.001 -11"><span class='ocrx_word' id='word_1_206' title='bbox 112 2137 196 2181; x_wconf 75' lang='lat' dir='ltr'><strong>tiu3‚</strong></span> <span class='ocrx_word' id='word_1_207' title='bbox 229 2145 299 2170; x_wconf 88' lang='lat' dir='ltr'><strong>om.</strong></span> <span class='ocrx_word' id='word_1_208' title='bbox 320 2132 477 2170; x_wconf 79' lang='lat' dir='ltr'><strong>HLRea</strong></span> <span class='ocrx_word' id='word_1_209' title='bbox 593 2131 672 2169; x_wconf 84' lang='lat'><strong>258</strong></span> <span class='ocrx_word' id='word_1_210' title='bbox 694 2137 821 2169; x_wconf 88' lang='lat' dir='ltr'><strong>nostro</strong></span> <span class='ocrx_word' id='word_1_211' title='bbox 843 2133 879 2169; x_wconf 93' lang='lat' dir='ltr'><em>R</em></span> <span class='ocrx_word' id='word_1_212' title='bbox 995 2131 1077 2170; x_wconf 88' lang='grc'>260</span> <span class='ocrx_word' id='word_1_213' title='bbox 1097 2131 1220 2168; x_wconf 88' lang='lat' dir='ltr'><strong>uultus</strong></span> <span class='ocrx_word' id='word_1_214' title='bbox 1242 2131 1352 2168; x_wconf 89' lang='lat' dir='ltr'><strong>HLR</strong></span> <span class='ocrx_word' id='word_1_215' title='bbox 1458 2131 1537 2169; x_wconf 89' lang='grc'>261</span> <span class='ocrx_word' id='word_1_216' title='bbox 1561 2130 1635 2170; x_wconf 74' lang='lat' dir='ltr'><strong>offis</strong></span> 
     </span>
    </p>
   </div>
   <div class='ocr_carea' id='block_1_6' title="bbox 111 2184 1632 2238">
    <p class='ocr_par' dir='ltr' id='par_1_21' title="bbox 111 2184 1632 2238">
     <span class='ocr_line' id='line_1_29' title="bbox 111 2184 1632 2238; baseline -0.001 -11"><span class='ocrx_word' id='word_1_217' title='bbox 111 2191 147 2227; x_wconf 89' lang='lat' dir='ltr'><em>R</em></span> <span class='ocrx_word' id='word_1_218' title='bbox 262 2188 342 2227; x_wconf 90' lang='grc'><strong>262</strong></span> <span class='ocrx_word' id='word_1_219' title='bbox 374 2184 536 2238; x_wconf 89' lang='lat' dir='ltr'><strong>oportet]</strong></span> <span class='ocrx_word' id='word_1_220' title='bbox 567 2199 632 2237; x_wconf 87' lang='lat' dir='ltr'><strong>par</strong></span> <span class='ocrx_word' id='word_1_221' title='bbox 668 2189 716 2225; x_wconf 87' lang='lat' dir='ltr'><strong>sit</strong></span> <span class='ocrx_word' id='word_1_222' title='bbox 751 2190 885 2225; x_wconf 81' lang='lat' dir='ltr'><strong>melius</strong></span> <span class='ocrx_word' id='word_1_223' title='bbox 916 2189 1094 2235; x_wconf 76' lang='lat' dir='ltr'><strong>futurum</strong></span> <span class='ocrx_word' id='word_1_224' title='bbox 1125 2198 1208 2224; x_wconf 82' lang='lat' dir='ltr'><strong>esse</strong></span> <span class='ocrx_word' id='word_1_225' title='bbox 1238 2189 1330 2224; x_wconf 79' lang='lat' dir='ltr'><strong>dicit</strong></span> <span class='ocrx_word' id='word_1_226' title='bbox 1358 2188 1632 2226; x_wconf 76' lang='lat' dir='ltr'><strong>Lachmannus</strong></span> 
     </span>
    </p>
   </div>
   <div class='ocr_carea' id='block_1_7' title="bbox 111 2257 1632 2496">
    <p class='ocr_par' dir='ltr' id='par_1_22' title="bbox 111 2257 1632 2496">
     <span class='ocr_line' id='line_1_30' title="bbox 111 2257 1629 2326; baseline 0.001 -10"><span class='ocrx_word' id='word_1_227' title='bbox 111 2281 163 2316; x_wconf 81' lang='lat' dir='ltr'><strong>ad</strong></span> <span class='ocrx_word' id='word_1_228' title='bbox 189 2281 305 2317; x_wconf 80' lang='lat' dir='ltr'><strong>Luer.</strong></span> <span class='ocrx_word' id='word_1_229' title='bbox 336 2279 350 2315; x_wconf 93' lang='lat'>1</span> <span class='ocrx_word' id='word_1_230' title='bbox 381 2278 460 2316; x_wconf 84' lang='lat'><strong>778</strong></span> <span class='ocrx_word' id='word_1_231' title='bbox 595 2278 675 2315; x_wconf 87' lang='grc'>263</span> <span class='ocrx_word' id='word_1_232' title='bbox 708 2278 758 2314; x_wconf 90' lang='lat' dir='ltr'><strong>nil</strong></span> <span class='ocrx_word' id='word_1_233' title='bbox 786 2279 963 2326; x_wconf 77' lang='lat' dir='ltr'><strong>Heynius</strong></span> <span class='ocrx_word' id='word_1_234' title='bbox 997 2277 1036 2313; x_wconf 90' lang='lat' dir='ltr'><strong>In</strong></span> <span class='ocrx_word' id='word_1_235' title='bbox 1074 2278 1233 2315; x_wconf 78' lang='lat' dir='ltr'><strong>HLReoc</strong></span> <span class='ocrx_word' id='word_1_236' title='bbox 1337 2257 1478 2326; x_wconf 65' lang='lat' dir='ltr'><strong>piestatis</strong></span> <span class='ocrx_word' id='word_1_237' title='bbox 1518 2278 1552 2326; x_wconf 91' lang='lat' dir='ltr'><strong>(e</strong></span> <span class='ocrx_word' id='word_1_238' title='bbox 1580 2292 1629 2317; x_wconf 89' lang='lat' dir='ltr'><strong>m.</strong></span> 
     </span>
     <span class='ocr_line' id='line_1_31' title="bbox 111 2333 1632 2383; baseline 0.001 -11"><span class='ocrx_word' id='word_1_239' title='bbox 111 2335 206 2383; x_wconf 83' lang='lat' dir='ltr'><strong>rec.)</strong></span> <span class='ocrx_word' id='word_1_240' title='bbox 236 2337 280 2372; x_wconf 91' lang='lat' dir='ltr'><em>H</em></span> <span class='ocrx_word' id='word_1_241' title='bbox 391 2333 472 2372; x_wconf 87' lang='grc'>264</span> <span class='ocrx_word' id='word_1_242' title='bbox 503 2334 699 2382; x_wconf 88' lang='lat' dir='ltr'><strong>mediisque</strong></span> <span class='ocrx_word' id='word_1_243' title='bbox 729 2335 764 2371; x_wconf 94' lang='lat' dir='ltr'><em>R</em></span> <span class='ocrx_word' id='word_1_244' title='bbox 796 2334 919 2370; x_wconf 90' lang='lat' dir='ltr'><strong>mediis</strong></span> <span class='ocrx_word' id='word_1_245' title='bbox 950 2335 1029 2371; x_wconf 75' lang='lat' dir='ltr'><strong>Lea</strong></span> <span class='ocrx_word' id='word_1_246' title='bbox 1059 2334 1197 2370; x_wconf 90' lang='lat' dir='ltr'><strong>medius</strong></span> <span class='ocrx_word' id='word_1_247' title='bbox 1228 2335 1271 2371; x_wconf 94' lang='lat' dir='ltr'><em>H</em></span> <span class='ocrx_word' id='word_1_248' title='bbox 1354 2335 1426 2378; x_wconf 83' lang='lat' dir='ltr'><strong>heu</strong></span> <span class='ocrx_word' id='word_1_249' title='bbox 1455 2337 1570 2373; x_wconf 80' lang='lat' dir='ltr'><strong>semel</strong></span> <span class='ocrx_word' id='word_1_250' title='bbox 1591 2337 1632 2373; x_wconf 88' lang='lat' dir='ltr'><em>H</em></span> 
     </span>
     <span class='ocr_line' id='line_1_32' title="bbox 198 2386 1516 2440; baseline 0 -12"><span class='ocrx_word' id='word_1_251' title='bbox 198 2391 278 2428; x_wconf 88' lang='grc'>265</span> <span class='ocrx_word' id='word_1_252' title='bbox 310 2386 446 2439; x_wconf 88' lang='lat' dir='ltr'><strong>quove]</strong></span> <span class='ocrx_word' id='word_1_253' title='bbox 479 2390 611 2438; x_wconf 87' lang='lat' dir='ltr'><strong>quidue</strong></span> <span class='ocrx_word' id='word_1_254' title='bbox 642 2391 676 2427; x_wconf 88' lang='lat' dir='ltr'><em>R</em></span> <span class='ocrx_word' id='word_1_255' title='bbox 793 2401 876 2426; x_wconf 85' lang='lat' dir='ltr'><strong>ausa</strong></span> <span class='ocrx_word' id='word_1_256' title='bbox 899 2390 1067 2439; x_wconf 70' lang='lat' dir='ltr'><strong>Silliyius</strong></span> <span class='ocrx_word' id='word_1_257' title='bbox 1098 2401 1200 2438; x_wconf 86' lang='lat' dir='ltr'><strong>agam</strong></span> <span class='ocrx_word' id='word_1_258' title='bbox 1231 2391 1308 2428; x_wconf 90' lang='lat' dir='ltr'><strong>HR</strong></span> <span class='ocrx_word' id='word_1_259' title='bbox 1339 2392 1415 2440; x_wconf 88' lang='lat' dir='ltr'><strong>ipsa</strong></span> <span class='ocrx_word' id='word_1_260' title='bbox 1437 2392 1516 2430; x_wconf 78' lang='lat' dir='ltr'><strong>Leoc</strong></span> 
     </span>
     <span class='ocr_line' id='line_1_33' title="bbox 113 2445 1628 2496; baseline 0.001 -12"><span class='ocrx_word' id='word_1_261' title='bbox 113 2449 182 2484; x_wconf 88' lang='lat' dir='ltr'><strong>hoc</strong></span> <span class='ocrx_word' id='word_1_262' title='bbox 212 2459 282 2484; x_wconf 86' lang='lat' dir='ltr'><strong>om.</strong></span> <span class='ocrx_word' id='word_1_263' title='bbox 306 2447 336 2483; x_wconf 89' lang='lat' dir='ltr'><em>L</em></span> <span class='ocrx_word' id='word_1_264' title='bbox 452 2445 532 2482; x_wconf 88' lang='grc'>266</span> <span class='ocrx_word' id='word_1_265' title='bbox 563 2447 803 2495; x_wconf 88' lang='lat' dir='ltr'><strong>quoniamque</strong></span> <span class='ocrx_word' id='word_1_266' title='bbox 832 2446 896 2483; x_wconf 85' lang='lat' dir='ltr'><strong>tibi</strong></span> <span class='ocrx_word' id='word_1_267' title='bbox 926 2458 999 2484; x_wconf 91' lang='lat' dir='ltr'><strong>non</strong></span> <span class='ocrx_word' id='word_1_268' title='bbox 1019 2448 1218 2494; x_wconf 82' lang='lat' dir='ltr'><strong>Hauptius</strong></span> <span class='ocrx_word' id='word_1_269' title='bbox 1242 2449 1409 2496; x_wconf 88' lang='lat' dir='ltr'><strong>quoniam</strong></span> <span class='ocrx_word' id='word_1_270' title='bbox 1441 2448 1526 2496; x_wconf 88' lang='lat' dir='ltr'><strong>quid</strong></span> <span class='ocrx_word' id='word_1_271' title='bbox 1555 2460 1628 2485; x_wconf 89' lang='lat' dir='ltr'><strong>non</strong></span> 
     </span>
    </p>
   </div>
   <div class='ocr_carea' id='block_1_8' title="bbox 113 2502 1632 2643">
    <p class='ocr_par' dir='ltr' id='par_1_23' title="bbox 113 2502 1632 2643">
     <span class='ocr_line' id='line_1_34' title="bbox 114 2502 1627 2553; baseline 0.001 -13"><span class='ocrx_word' id='word_1_272' title='bbox 114 2503 174 2540; x_wconf 89' lang='lat' dir='ltr'><strong>tibi</strong></span> <span class='ocrx_word' id='word_1_273' title='bbox 205 2504 258 2542; x_wconf 83' lang='lat' dir='ltr'><strong>Le</strong></span> <span class='ocrx_word' id='word_1_274' title='bbox 288 2503 454 2552; x_wconf 86' lang='lat' dir='ltr'><strong>quoniam</strong></span> <span class='ocrx_word' id='word_1_275' title='bbox 494 2502 579 2551; x_wconf 88' lang='lat' dir='ltr'><strong>quid</strong></span> <span class='ocrx_word' id='word_1_276' title='bbox 617 2508 656 2538; x_wconf 85' lang='lat' dir='ltr'><strong>tu</strong></span> <span class='ocrx_word' id='word_1_277' title='bbox 694 2502 758 2539; x_wconf 91' lang='lat' dir='ltr'><strong>tibi</strong></span> <span class='ocrx_word' id='word_1_278' title='bbox 786 2515 811 2539; x_wconf 83' lang='grc' dir='ltr'>α</span> <span class='ocrx_word' id='word_1_279' title='bbox 845 2504 1012 2552; x_wconf 88' lang='lat' dir='ltr'><strong>quoniam</strong></span> <span class='ocrx_word' id='word_1_280' title='bbox 1049 2509 1136 2540; x_wconf 89' lang='lat' dir='ltr'><strong>tunc</strong></span> <span class='ocrx_word' id='word_1_281' title='bbox 1165 2503 1189 2540; x_wconf 76' lang='lat' dir='ltr'>fi</span> <span class='ocrx_word' id='word_1_282' title='bbox 1217 2504 1261 2540; x_wconf 89' lang='lat' dir='ltr'><em>H</em></span> <span class='ocrx_word' id='word_1_283' title='bbox 1288 2505 1454 2553; x_wconf 86' lang='lat' dir='ltr'><strong>quoniam</strong></span> <span class='ocrx_word' id='word_1_284' title='bbox 1486 2510 1525 2541; x_wconf 93' lang='lat' dir='ltr'><strong>tu</strong></span> <span class='ocrx_word' id='word_1_285' title='bbox 1554 2517 1627 2542; x_wconf 91' lang='lat' dir='ltr'><strong>non</strong></span> 
     </span>
     <span class='ocr_line' id='line_1_35' title="bbox 113 2557 1632 2609; baseline 0 -12"><span class='ocrx_word' id='word_1_286' title='bbox 113 2561 147 2597; x_wconf 88' lang='lat' dir='ltr'><em>R</em></span> <span class='ocrx_word' id='word_1_287' title='bbox 178 2561 345 2609; x_wconf 85' lang='lat' dir='ltr'><strong>quoniam</strong></span> <span class='ocrx_word' id='word_1_288' title='bbox 376 2557 497 2596; x_wconf 79' lang='lat' dir='ltr'><strong>fictum</strong></span> <span class='ocrx_word' id='word_1_289' title='bbox 528 2570 584 2595; x_wconf 88' lang='lat' dir='ltr'><strong>me</strong></span> <span class='ocrx_word' id='word_1_290' title='bbox 615 2559 776 2596; x_wconf 74' lang='lat' dir='ltr'><strong>Bothius</strong></span> <span class='ocrx_word' id='word_1_291' title='bbox 903 2560 982 2597; x_wconf 89' lang='grc'>267</span> <span class='ocrx_word' id='word_1_292' title='bbox 1015 2560 1068 2608; x_wconf 85' lang='lat' dir='ltr'><strong>cf.</strong></span> <span class='ocrx_word' id='word_1_293' title='bbox 1102 2562 1172 2598; x_wconf 85' lang='lat' dir='ltr'><strong>ecl.</strong></span> <span class='ocrx_word' id='word_1_294' title='bbox 1204 2559 1278 2596; x_wconf 89' lang='lat' dir='ltr'>VIII</span> <span class='ocrx_word' id='word_1_295' title='bbox 1309 2561 1362 2599; x_wconf 88' lang='lat'><strong>60</strong></span> <span class='ocrx_word' id='word_1_296' title='bbox 1458 2562 1557 2598; x_wconf 90' lang='lat' dir='ltr'><strong>sinus</strong></span> <span class='ocrx_word' id='word_1_297' title='bbox 1588 2561 1632 2597; x_wconf 87' lang='lat' dir='ltr'><em>H</em></span> 
     </span>
     <span class='ocr_line' id='line_1_36' title="bbox 1242 2617 1261 2643; baseline 0 0"><span class='ocrx_word' id='word_1_298' title='bbox 1242 2617 1261 2643; x_wconf 85' lang='lat' dir='ltr'><strong>d</strong></span> 
     </span>
    </p>
   </div>
   <div class='ocr_carea' id='block_1_9' title="bbox 87 2645 1627 2811">
    <p class='ocr_par' dir='ltr' id='par_1_24' title="bbox 87 2645 1627 2811">
     <span class='ocr_line' id='line_1_37' title="bbox 110 2645 1626 2701; baseline 0 -13"><span class='ocrx_word' id='word_1_299' title='bbox 110 2663 159 2688; x_wconf 86' lang='lat' dir='ltr'><strong>m.</strong></span> <span class='ocrx_word' id='word_1_300' title='bbox 184 2651 204 2686; x_wconf 94' lang='lat'>1</span> <span class='ocrx_word' id='word_1_301' title='bbox 294 2645 402 2686; x_wconf 62' lang='lat' dir='ltr'><strong>eimi&#39;i</strong></span> <span class='ocrx_word' id='word_1_302' title='bbox 419 2650 462 2686; x_wconf 90' lang='lat' dir='ltr'><em>H</em></span> <span class='ocrx_word' id='word_1_303' title='bbox 573 2648 653 2687; x_wconf 89' lang='grc'>268</span> <span class='ocrx_word' id='word_1_304' title='bbox 686 2648 773 2685; x_wconf 81' lang='lat' dir='ltr'><strong>fides</strong></span> <span class='ocrx_word' id='word_1_305' title='bbox 805 2659 825 2687; x_wconf 87' lang='grc' dir='ltr'>ε</span> <span class='ocrx_word' id='word_1_306' title='bbox 912 2651 998 2698; x_wconf 89' lang='lat' dir='ltr'><strong>quin</strong></span> <span class='ocrx_word' id='word_1_307' title='bbox 1026 2650 1069 2686; x_wconf 91' lang='lat' dir='ltr'><em>H</em></span> <span class='ocrx_word' id='word_1_308' title='bbox 1152 2651 1295 2701; x_wconf 65' lang='lat' dir='ltr'><strong>assistet</strong></span> <span class='ocrx_word' id='word_1_309' title='bbox 1316 2650 1434 2695; x_wconf 82' lang='lat' dir='ltr'><strong>(corr.</strong></span> <span class='ocrx_word' id='word_1_310' title='bbox 1457 2664 1505 2688; x_wconf 88' lang='lat' dir='ltr'><strong>m.</strong></span> <span class='ocrx_word' id='word_1_311' title='bbox 1529 2651 1626 2699; x_wconf 83' lang='lat' dir='ltr'><strong>rec.)</strong></span> 
     </span>
     <span class='ocr_line' id='line_1_38' title="bbox 87 2704 1627 2761; baseline 0.001 -18"><span class='ocrx_word' id='word_1_312' title='bbox 87 2707 157 2761; x_wconf 56' lang='lat' dir='ltr'><strong>⁴H</strong></span> <span class='ocrx_word' id='word_1_313' title='bbox 266 2706 346 2743; x_wconf 86' lang='grc'>269</span> <span class='ocrx_word' id='word_1_314' title='bbox 378 2707 536 2747; x_wconf 85' lang='lat' dir='ltr'><strong>honore3</strong></span> <span class='ocrx_word' id='word_1_315' title='bbox 575 2706 618 2742; x_wconf 91' lang='lat' dir='ltr'><em>H</em></span> <span class='ocrx_word' id='word_1_316' title='bbox 643 2718 690 2742; x_wconf 87' lang='lat' dir='ltr'><strong>m.</strong></span> <span class='ocrx_word' id='word_1_317' title='bbox 726 2706 745 2741; x_wconf 92' lang='lat'>1</span> <span class='ocrx_word' id='word_1_318' title='bbox 878 2704 959 2743; x_wconf 88' lang='grc'>270</span> <span class='ocrx_word' id='word_1_319' title='bbox 989 2705 1055 2750; x_wconf 85' lang='lat' dir='ltr'><strong>Qui</strong></span> <span class='ocrx_word' id='word_1_320' title='bbox 1086 2707 1128 2743; x_wconf 93' lang='lat' dir='ltr'><em>H</em></span> <span class='ocrx_word' id='word_1_321' title='bbox 1154 2719 1200 2743; x_wconf 88' lang='lat' dir='ltr'><strong>m.</strong></span> <span class='ocrx_word' id='word_1_322' title='bbox 1237 2708 1257 2743; x_wconf 90' lang='lat'>1</span> <span class='ocrx_word' id='word_1_323' title='bbox 1359 2718 1463 2758; x_wconf 52' lang='lat' dir='ltr'><strong>parce</strong></span> <span class='ocrx_word' id='word_1_324' title='bbox 1499 2713 1534 2744; x_wconf 88' lang='lat' dir='ltr'><strong>et</strong></span> <span class='ocrx_word' id='word_1_325' title='bbox 1564 2709 1627 2744; x_wconf 85' lang='lat' dir='ltr'><strong>tri-</strong></span> 
     </span>
     <span class='ocr_line' id='line_1_39' title="bbox 112 2758 1550 2811; baseline 0.001 -13"><span class='ocrx_word' id='word_1_326' title='bbox 112 2762 226 2799; x_wconf 89' lang='lat' dir='ltr'><strong>buunt</strong></span> <span class='ocrx_word' id='word_1_327' title='bbox 255 2763 308 2801; x_wconf 77' lang='lat' dir='ltr'><strong>Le</strong></span> <span class='ocrx_word' id='word_1_328' title='bbox 402 2773 468 2799; x_wconf 85' lang='lat' dir='ltr'><strong>nec</strong></span> <span class='ocrx_word' id='word_1_329' title='bbox 498 2758 590 2811; x_wconf 90' lang='lat' dir='ltr'><strong>ullo]</strong></span> <span class='ocrx_word' id='word_1_330' title='bbox 626 2761 726 2799; x_wconf 86' lang='lat' dir='ltr'><strong>nullo</strong></span> <span class='ocrx_word' id='word_1_331' title='bbox 759 2761 807 2810; x_wconf 71' lang='lat' dir='ltr'><strong>qd</strong></span> <span class='ocrx_word' id='word_1_332' title='bbox 835 2759 885 2808; x_wconf 73' lang='lat' dir='ltr'><strong>(k.</strong></span> <span class='ocrx_word' id='word_1_333' title='bbox 910 2773 942 2798; x_wconf 85' lang='lat' dir='ltr'><strong>e.</strong></span> <span class='ocrx_word' id='word_1_334' title='bbox 975 2762 1086 2811; x_wconf 88' lang='lat' dir='ltr'><strong>quod)</strong></span> <span class='ocrx_word' id='word_1_335' title='bbox 1116 2763 1170 2800; x_wconf 79' lang='lat' dir='ltr'><strong>Le</strong></span> <span class='ocrx_word' id='word_1_336' title='bbox 1264 2763 1412 2800; x_wconf 89' lang='lat' dir='ltr'><strong>uulnere</strong></span> <span class='ocrx_word' id='word_1_337' title='bbox 1443 2764 1550 2800; x_wconf 89' lang='lat' dir='ltr'><strong>HLR</strong></span> 
     </span>
    </p>
   </div>
   <div class='ocr_carea' id='block_1_10' title="bbox 113 2837 1516 2960">
    <p class='ocr_par' dir='ltr' id='par_1_25' title="bbox 113 2837 1516 2960">
     <span class='ocr_line' id='line_1_40' title="bbox 113 2837 1516 2903; baseline 0.001 -15"><span class='ocrx_word' id='word_1_338' title='bbox 113 2852 184 2889; x_wconf 87' lang='lat' dir='ltr'><strong>ledi</strong></span> <span class='ocrx_word' id='word_1_339' title='bbox 212 2853 248 2890; x_wconf 89' lang='lat' dir='ltr'><em>R</em></span> <span class='ocrx_word' id='word_1_340' title='bbox 363 2853 441 2890; x_wconf 83' lang='lat'><strong>271</strong></span> <span class='ocrx_word' id='word_1_341' title='bbox 474 2858 530 2889; x_wconf 86' lang='lat' dir='ltr'><strong>est</strong></span> <span class='ocrx_word' id='word_1_342' title='bbox 560 2865 629 2890; x_wconf 90' lang='lat' dir='ltr'><strong>om.</strong></span> <span class='ocrx_word' id='word_1_343' title='bbox 661 2852 751 2891; x_wconf 78' lang='lat' dir='ltr'><strong>LRe</strong></span> <span class='ocrx_word' id='word_1_344' title='bbox 838 2837 1087 2903; x_wconf 56' lang='lat' dir='ltr'><strong>circtisqhehor</strong></span> <span class='ocrx_word' id='word_1_345' title='bbox 1117 2851 1234 2899; x_wconf 84' lang='lat' dir='ltr'><strong>(corr.</strong></span> <span class='ocrx_word' id='word_1_346' title='bbox 1267 2866 1314 2890; x_wconf 86' lang='lat' dir='ltr'><strong>m.</strong></span> <span class='ocrx_word' id='word_1_347' title='bbox 1347 2852 1443 2900; x_wconf 81' lang='lat' dir='ltr'><strong>rec.)</strong></span> <span class='ocrx_word' id='word_1_348' title='bbox 1473 2854 1516 2890; x_wconf 90' lang='lat' dir='ltr'><em>H</em></span> 
     </span>
     <span class='ocr_line' id='line_1_41' title="bbox 205 2916 1354 2960; baseline 0.001 -10"><span class='ocrx_word' id='word_1_349' title='bbox 205 2926 385 2960; x_wconf 64' lang='lat' dir='ltr'><strong>menn-cx,</strong></span> <span class='ocrx_word' id='word_1_350' title='bbox 413 2927 564 2952; x_wconf 71' lang='lat' dir='ltr'><strong>vuum.</strong></span> <span class='ocrx_word' id='word_1_351' title='bbox 594 2928 644 2951; x_wconf 75' lang='grc' dir='ltr'><strong>ιν.</strong></span> <span class='ocrx_word' id='word_1_352' title='bbox 1330 2916 1354 2958; x_wconf 87' lang='grc'>8</span> 
     </span>
    </p>
   </div>
  </div>
 </body>
</html>
