1884 3126
221 197 275 237 54
802 210 1131 241 PROLBGOMENON

221 321 301 358 cior
332 319 485 358 Battaro
523 319 644 357 videri
675 318 945 369 dulcioresque
983 319 1068 356 eius
1100 316 1233 355 modos
1265 317 1432 354 excitare
1462 322 1611 366 posset,
1650 316 1714 354 ille

222 392 296 429 est,
328 385 395 423 ubi
425 386 546 423 amica
578 386 612 423 ei
641 396 794 435 semper
825 385 983 422 flumina
1015 384 1219 432 sontesque
1250 394 1334 421 esse
1364 382 1556 431 dicuntur,
1590 396 1622 420 v.
1645 381 1712 422 65.

221 453 284 490 hic
321 453 437 502 igitur
475 452 547 490 luit
583 463 668 489 cum
707 452 881 489 inserere
920 448 1055 488 vellem
1087 449 1150 487 illa
1182 460 1280 499 quae
1309 460 1413 486 nunc
1443 449 1483 486 in
1514 461 1545 485 v.
1579 447 1629 487 71
1661 447 1714 487 le-

221 525 366 568 guntur
404 517 581 556 ‘dulcius
616 550 621 554 .
661 549 665 554 .
703 549 709 554 .
743 519 930 555 carmen.²
990 515 1056 554 sed
1096 520 1202 554 certa
1233 514 1280 553 de
1311 526 1444 559 causa,
1486 526 1584 564 quae
1614 515 1713 553 infra

221 586 427 636 perspicua
457 585 532 628 fiet,
564 595 634 622 suo
665 582 750 621 loco
783 594 887 622 nunc
915 582 1137 633 relinquere
1168 581 1279 625 malo,
1314 586 1356 619 ut
1377 581 1505 619 omnia
1524 580 1601 625 illa,
1633 581 1716 631 qui-

221 651 293 690 bus
322 651 443 689 amica
474 650 628 688 Battaro
660 650 819 688 numina
849 650 1090 693 invocantur,
1124 647 1296 687 dulciore
1318 660 1413 686 sono
1435 647 1600 697 fingatur
1621 651 1717 686 tem-

221 717 427 768 peravisse.
489 727 576 754 nam
608 714 733 754 nullas
762 716 802 754 in
832 717 915 766 ipso
938 721 1064 759 cautu,
1097 727 1146 753 ne
1166 716 1205 753 in
1229 714 1402 753 versibus
1423 712 1720 752 intercalaribus

223 783 376 834 quidem
415 782 558 820 Battari
597 787 728 832 partes
766 793 848 819 esse
888 783 1000 820 etiam
1041 794 1086 819 eo
1125 781 1331 832 ephymnio
1372 780 1568 831 proditur,
1616 779 1717 830 quod

224 849 339 899 paulo
370 854 456 899 post
485 849 661 898 sequitur
692 860 725 885 v,
759 846 811 886 75

454 938 591 973 tristius
623 938 692 974 hoc
722 949 863 974 rursum
894 938 978 973 dicit
1008 948 1088 974 mea
1117 940 1248 984 fistula
1280 949 1431 977 carmen,

224 1038 297 1075 nisi
336 1037 434 1074 l'orte
477 1034 613 1073 credes
645 1034 791 1073 Naekio
829 1034 1070 1073 adseveranti
1108 1038 1217 1073 ‘mea
1249 1034 1397 1074 fistula'
1437 1034 1611 1085 perbene
1644 1034 1719 1072 dici

225 1103 398 1154 potuisse
429 1102 476 1140 de
506 1101 633 1140 fistula
663 1101 820 1145 Battari,
853 1102 917 1151 qui
948 1102 1053 1139 iussu
1084 1101 1235 1140 Catonis
1265 1101 1411 1139 domini
1441 1101 1567 1139 canat!
1604 1100 1720 1138 immo

223 1169 287 1207 hic
323 1170 406 1219 ipse
446 1179 533 1206 eum
573 1169 700 1206 omnia
739 1172 866 1206 cantet
903 1180 1049 1218 suaque
1088 1179 1205 1205 avena
1242 1179 1333 1205 usus
1362 1165 1524 1217 singulis
1553 1166 1722 1217 strophis

225 1236 418 1280 succinat,
457 1234 538 1278 hic,
579 1233 646 1272 ubi
685 1233 888 1285 paludibus
920 1239 957 1272 et
994 1233 1184 1272 imbribus
1215 1234 1355 1272 vastari
1389 1244 1525 1283 agrum
1556 1237 1720 1283 exoptat,

225 1314 275 1340 ne
306 1302 482 1340 meminit
513 1299 668 1351 quidem
691 1299 919 1343 cantilenae,
953 1311 1066 1350 quam
1089 1299 1180 1337 olim
1204 1300 1381 1339 Battarus
1402 1299 1621 1344 subiecerit‚
1653 1298 1720 1337 sed

226 1370 309 1419 ipse
347 1368 494 1411 statim,
535 1373 578 1405 ut
607 1367 672 1416 qui
710 1367 748 1405 in
781 1367 1027 1405 execratione
1060 1370 1160 1404 totus
1192 1367 1305 1405 etiam
1337 1367 1403 1410 sit,
1443 1365 1540 1404 haec
1569 1377 1722 1416 quoque

227 1434 343 1473 addit.
493 1482 498 1486 .

338 1499 545 1538 Absolutae
576 1510 714 1549 preces
746 1500 828 1537 sine
860 1499 978 1537 duhio
999 1499 1060 1537 his
1081 1500 1347 1548 significantur
1372 1498 1416 1550 (v.
1441 1496 1525 1550 82>:
1559 1499 1604 1537 ‘o
1626 1498 1723 1538 male

228 1569 371 1611 devoti,
413 1571 632 1616 praetorum
666 1565 846 1608 erimina,
889 1567 1029 1613 aqelli'
1070 1577 1100 1602 e.
1135 1575 1170 1613 q.
1204 1577 1233 1602 s.
1265 1564 1333 1603 sed
1363 1577 1462 1616 quae
1494 1564 1725 1603 antecedunt

229 1631 296 1683 (80
325 1631 397 1682 sq.)

456 1701 615 1747 piscetur
644 1702 779 1736 nostris
811 1701 844 1735 iu
876 1699 1005 1736 finibus
1037 1700 1167 1735 advena
1198 1705 1318 1736 arator
1349 1712 1379 1735 e.
1412 1711 1445 1747 q.
1477 1712 1504 1736 s.

229 1810 366 1837 vereor
397 1802 439 1836 ut
468 1809 538 1836 suo
568 1796 654 1835 loco
683 1803 792 1835 recte
823 1808 864 1835 se
894 1795 1075 1834 habeant.
1126 1808 1215 1835 nam
1246 1809 1318 1835 nec
1347 1798 1387 1835 in
1417 1796 1623 1848 paludibus
1654 1809 1725 1836 nec

227 1867 269 1903 in
305 1865 452 1914 stagnis
487 1862 613 1901 imbre
650 1862 742 1901 ortis
781 1863 922 1913 piscari
961 1861 1150 1907 solemus,
1197 1862 1265 1901 sed
1305 1861 1363 1900 vel
1401 1863 1439 1901 in
1470 1864 1570 1901 mari
1598 1862 1656 1901 vel
1686 1864 1724 1901 in

229 1930 390 1969 lacubus
420 1929 479 1967 vel
509 1930 549 1967 in
578 1927 816 1967 fluminibus.
877 1940 953 1979 quo
984 1928 1134 1967 accedit
1164 1928 1266 1978 quod
1297 1941 1331 1967 v,
1364 1927 1416 1968 73
1445 1928 1511 1968 ubi
1541 1929 1589 1968 de
1618 1929 1724 1980 palu-

231 1996 344 2036 dibus
388 1995 530 2034 ‹lieitur
576 1996 638 2033 ‘et
673 1999 794 2033 metat
829 1994 894 2032 hic
935 1995 1090 2038 iuncos,
1136 1996 1262 2046 spicas
1299 1994 1366 2034 ubi
1409 1994 1574 2046 legimus
1610 1994 1724 2034 olim’

232 2063 447 2102 subiectum
479 2061 587 2100 verbi
608 2060 863 2106 desideratur,
898 2060 998 2112 quod
1021 2072 1299 2112 recuperamus
1319 2062 1475 2101 insertis
1496 2060 1565 2100 ubi
1585 2062 1727 2112 optime

231 2124 421 2181 qu‘adrant
461 2127 633 2167 versibus
663 2125 716 2166 80
747 2139 803 2178 sq.
835 2133 922 2178 post
958 2139 990 2166 v.
1024 2124 1088 2166 70.
1121 2132 1237 2178 atque
1274 2129 1330 2166 sie
1369 2128 1614 2179 transpositis
1644 2140 1726 2166 ver-

231 2195 338 2234 sibus
358 2193 412 2234 80
432 2206 488 2245 sq.
520 2194 559 2232 id
591 2205 744 2243 quoque
775 2193 983 2238 lucramur,
1015 2198 1057 2231 ut
1086 2192 1248 2232 molesta
1279 2193 1454 2232 eiusdem
1486 2193 1658 2232 vocabuli
1688 2195 1727 2232 in

232 2262 367 2301 eadem
398 2262 612 2300 vicinorum
642 2272 829 2300 versuum
858 2257 908 2299 81
932 2272 988 2310 sq.
1022 2259 1114 2298 sede
1144 2260 1260 2310 positi
1290 2260 1522 2311 repetitione
1554 2259 1730 2311 (crimine

234 2335 271 2367 et
299 2327 479 2379 crimina)
509 2327 730 2366 liberemur.

344 2395 420 2433 Sed
450 2393 563 2445 paulo
593 2398 680 2445 post
709 2405 808 2444 quae
839 2405 871 2430 v.
906 2390 957 2431 78
989 2398 1174 2431 secuntur

529 2485 622 2520 unde
652 2483 771 2531 elapsa
801 2494 899 2519 meos
930 2494 1036 2530 agros
1066 2483 1269 2530 pervenerit
1299 2483 1391 2518 unda

234 2572 326 2622 quid
357 2571 429 2610 sibi
469 2570 621 2609 volunt?
660 2574 858 2620 optaverat
888 2575 999 2620 poeta
1031 2573 1073 2607 ut
1102 2570 1404 2620 praecipitarent
1433 2567 1629 2607 montibus
1658 2569 1728 2606 im-

234 2639 337 2682 bres,
370 2639 435 2688 qui
464 2637 540 2675 late
571 2636 712 2675 diffuso
742 2636 893 2686 gurgite
925 2647 1082 2686 campos
1111 2640 1290 2674 tenerent
1314 2639 1352 2674 et
1380 2636 1419 2673 in
1440 2646 1623 2685 agrorum
1644 2633 1729 2672 loco

235 2709 367 2754 stagna
397 2702 661 2753 praedonibus
696 2701 971 2753 relinquerent.
1032 2713 1146 2753 quain
1174 2702 1292 2752 igitur
1321 2712 1400 2740 non
1429 2700 1552 2739 dicam
1582 2699 1730 2750 langui-

237 2771 341 2814 dum,
373 2769 441 2808 sed
471 2768 682 2807 absurdum
715 2774 753 2807 et
780 2767 983 2806 ridiculum
1015 2768 1156 2806 undam
1187 2768 1332 2818 fingere
1363 2779 1384 2805 e
1413 2767 1557 2816 stagnis
1585 2765 1732 2804 scilicet

235 2836 312 2876 illis
342 2847 459 2887 super
489 2847 603 2887 agros
634 2835 764 2874 effusis
795 2833 982 2885 elapsam,
1030 2847 1125 2886 quae
1156 2834 1203 2873 ad
1233 2845 1381 2872 mersos
1409 2831 1591 2872 fluctibus
1621 2843 1731 2883 agros
