1884 3126
690 138 824 167 cAPu‘r
857 139 919 166 111.
1516 117 1571 162 43

47 253 303 306 interpolatos
333 265 419 292 esse
450 251 617 291 doceant
647 249 824 302 exempla
857 262 888 288 V.
924 247 974 289 17
1001 250 1183 298 petebat,
1220 246 1276 287 22
1307 241 1481 297 temore,
1515 245 1571 287 34

44 329 224 374 peccora,
257 319 309 361 47
338 323 506 370 creneio,
539 331 639 370 quae
670 319 801 357 onmia
832 317 871 356 in
894 316 1091 356 deteriore
1113 315 1259 355 familia
1281 315 1462 360 redeunt,
1488 320 1569 354 tum

48 389 101 431 72
129 393 258 439 locus,
294 387 348 429 74
377 390 576 439 tepentia,
610 386 664 428 83
695 398 826 427 vacua
855 387 1057 436 mercede,
1089 389 1127 423 et
1157 396 1256 435 quae
1287 384 1447 436 propria
1481 387 1571 422 sunt

46 459 157 499 libris
194 458 299 498 Sabe
340 471 373 496 v.
405 455 459 497 38
488 458 656 505 bullire,
697 467 730 493 v.
767 451 847 494 105
883 455 1068 503 simula,
1109 450 1182 491 soli
1216 452 1247 491 0
1284 465 1316 490 v.
1348 449 1402 490 68
1434 453 1494 490 vel
1522 453 1568 490 si.

49 539 119 567 nec
149 526 209 565 his
240 526 365 576 magis
402 526 582 564 sincerus
612 529 670 562 est
700 524 739 562 E
766 521 911 567 codex,
952 522 1018 572 qui
1051 533 1140 560 cum
1179 531 1297 571 saepe
1328 518 1571 558 deteriorum

47 594 238 634 librorum
277 594 406 633 socius
441 593 493 631 sit
531 592 578 646 (v.
615 589 680 630 18.
719 588 786 630 23.
818 587 886 629 40.
918 586 986 629 58.
1027 586 1093 628 62.
1133 586 1222 640 65),
1261 598 1386 638 pauca
1427 599 1474 625 ex
1513 586 1571 624 eis

49 675 148 715 quae
177 661 390 712 singularia
423 659 540 699 habet
571 659 674 698 felici
705 657 943 698 correctoris
974 657 1145 696 acumini
1178 656 1302 706 magis
1333 667 1450 707 quam
1483 666 1572 693 cer-

50 735 109 770 tae
147 730 361 769 memoriae
401 727 548 768 debere
586 727 760 766 videtur:
802 738 892 766 nam
932 738 1064 766 verum
1097 723 1224 765 liabeo
1256 737 1289 763 v.
1325 720 1377 765 15
1407 724 1573 764 casulae

49 803 87 837 et
114 796 167 838 41
201 810 250 837 ac
282 797 344 850 (cs.
375 801 580 849 praeterea
613 807 644 834 ν.
678 792 760 846 48).

159 865 268 905 Talia
298 870 426 905 autem
458 877 508 903 ne
539 864 578 902 in
610 864 668 902 eis
697 862 856 915 quidem
888 862 1042 907 desunt,
1075 874 1174 914 quos
1206 859 1463 912 interpolatos
1485 872 1571 899 esse

48 935 202 986 saepius
232 934 377 973 monui.
438 938 477 971 et
507 932 704 971 coniuncti
737 930 1019 980 EFHOSabcp
1050 928 1165 975 sacili,
1199 928 1268 968 sed
1301 927 1403 968 bona
1435 941 1570 967 emen-

49 1002 204 1050 datione
236 1003 276 1040 in
308 1015 339 1040 v.
371 998 422 1040 81
462 1003 664 1052 praestant
694 1010 832 1039 umero
865 998 932 1038 vel*
954 999 1142 1046 humero,
1177 997 1281 1050 quod
1313 997 1452 1036 leviter
1483 1009 1569 1035 cor-

50 1075 208 1121 ruptum
238 1070 279 1108 in
311 1069 388 1108 AV
416 1081 460 1107 ac
490 1068 658 1107 sortasse
689 1068 729 1106 in
754 1067 791 1104 B
813 1077 968 1118 quoque
999 1066 1202 1118 (humore),
1238 1064 1447 1104 temeraria
1476 1076 1569 1103 con-

49 1138 198 1176 iectura
230 1136 482 1188 depravatum
514 1139 574 1175 est
603 1136 643 1174 in
677 1135 711 1174 T
720 1135 804 1175 νεα
835 1139 874 1173 et
904 1146 1021 1173 manu
1053 1146 1132 1173 rec.
1165 1135 1203 1173 in
1227 1135 1278 1173 B.
1339 1140 1422 1172 tum
1455 1145 1570 1184 prae-

49 1203 252 1244 ferendam
290 1203 390 1244 duco
428 1202 591 1242 alteram
629 1202 814 1242 familiam
854 1203 978 1254 priori
1016 1202 1057 1240 in
1089 1214 1122 1240 v.
1162 1198 1238 1247 43,
1277 1213 1366 1240 nam
1408 1202 1570 1253 proprie

47 1274 261 1311 emundari
289 1271 474 1310 (licuntur
504 1282 603 1322 quae
634 1270 793 1309 sordida
824 1274 926 1315 sunt,
961 1269 1111 1321 tropice
1145 1269 1248 1308 velut
1271 1280 1403 1307 mores
1425 1269 1568 1321 scripta

48 1339 119 1378 aiia
149 1341 379 1384 emendari;
409 1339 503 1377 item
536 1349 626 1377 vera
656 1342 749 1376 sunt
778 1351 811 1376 v.
833 1335 890 1377 45
910 1339 1112 1377 admixtos
1141 1341 1222 1377 tum
1248 1337 1397 1385 fontis,
1432 1350 1462 1375 v.
1491 1335 1567 1376 121

46 1409 124 1446 iam
149 1407 289 1454 famis.
351 1405 572 1446 Gudianum
605 1410 642 1444 et
671 1406 795 1455 HZp,
837 1418 856 1444 a
890 1404 1031 1456 quibus
1063 1418 1140 1444 non
1173 1404 1340 1444 multum
1371 1404 1483 1444 abest
1521 1407 1567 1454 V,

46 1479 202 1514 secutus
239 1486 326 1514 sum
368 1487 399 1512 v,
436 1471 516 1512 120
566 1473 769 1524 probando
814 1475 905 1512 lotis
941 1475 1104 1523 recipit,
1158 1472 1263 1523 quod
1310 1473 1570 1512 minutissima

47 1553 224 1592 quaeque
262 1541 451 1593 pingendi
482 1540 629 1589 studio,
671 1552 749 1591 quo
781 1540 915 1591 ecloga
939 1539 1082 1579 'nostra
1112 1541 1277 1591 insignis
1308 1547 1386 1585 est,
1428 1540 1570 1580 melius

45 1611 227 1649 convenit
256 1621 373 1661 quam
400 1611 530 1649 laetus
558 1610 704 1659 recipit
723 1609 806 1648 sive
835 1611 978 1658 recipit
1007 1611 1147 1658 laetus,
1179 1608 1245 1647 ubi
1275 1609 1452 1648 additum
1483 1621 1568 1648 ma-

45 1679 159 1717 nibus
196 1676 311 1728 plane
350 1677 519 1716 otiosum
557 1681 626 1716 est.
687 1675 780 1715 solis
819 1678 900 1726 Zp,
942 1675 1087 1728 quibus
1117 1678 1162 1715 H
1185 1678 1366 1728 proxime
1404 1677 1567 1724 accedit,

46 1757 78 1784 v.
111 1742 165 1785 66
195 1744 362 1785 debetur
392 1746 516 1790 ilcud;
560 1745 654 1785 item
686 1745 789 1797 HZp
820 1756 855 1783 ν.
892 1741 944 1784 15
974 1743 1121 1785 habent
1154 1746 1278 1785 claui.

159 1949 200 1988 ln
231 1951 364 2000 Copa
394 1962 482 1988 cum
503 1950 638 2001 priore
660 1949 804 1989 familia
829 1949 1005 2002 (ABPV)
1029 1955 1252 2002 congruunt
1273 1949 1508 2004 plerumque
1530 1955 1569 1991 et

45 2018 305 2057 Monacenses
327 2017 406 2069 (Ψ)
430 2022 468 2057 et
488 2019 545 2062 H,
569 2017 616 2056 ad
649 2016 812 2057 alteram
835 2018 955 2070 (VZl)
978 2019 1151 2070 pertinet
1172 2018 1373 2058 Gudianus
1396 2020 1472 2071 (G.)
1498 2019 1567 2059 sed

46 2091 130 2125 utra
152 2097 247 2138 prae
268 2084 390 2125 altera
411 2085 567 2136 dignior
589 2085 666 2124 fide
687 2086 749 2131 sit,
772 2085 930 2125 difficile
962 2085 1069 2126 dictu
1091 2090 1162 2125 est.
1223 2086 1387 2125 meliora
1408 2087 1567 2138 quidem

45 2164 160 2203 quam
215 2154 299 2192 VZl
341 2152 504 2192 dubium
548 2166 628 2193 non
678 2158 739 2193 est
782 2154 876 2205 quin
921 2153 970 2192 ab
1020 2153 1140 2193 altera
1190 2159 1303 2205 parte
1352 2154 1568 2205 praebeant

46 2222 238 2260 ABHPY
243 2222 292 2260 Ψ
324 2234 358 2260 v.
390 2220 414 2261 7
455 2221 611 2273 (topia),
662 2219 714 2260 12
746 2221 889 2274 (violae
927 2226 967 2261 et
995 2221 1208 2274 corollae),
1252 2219 1308 2261 25
1348 2221 1565 2275 (calybem),

45 2289 253 2328 ΑΒΡῩΨ
279 2301 310 2327 ν.
333 2287 388 2328 26
421 2287 611 2341 (Vestae),
645 2290 799 2328 ABPV
826 2302 857 2328 v.
882 2287 935 2329 31
971 2289 1107 2341 (heia),
1141 2290 1311 2329 ΑΒΡΨ
1336 2301 1368 2329 v.
1405 2289 1453 2329 11
1488 2292 1565 2342 (de-

39 2355 172 2407 fusa);
204 2356 303 2395 ΗΨ
319 2369 352 2394 v.
375 2354 401 2395 3
424 2356 636 2407 (sumosa):
667 2356 794 2395 eidem
825 2356 899 2395 soli
930 2362 1279 2397 commentatorem
1302 2360 1454 2409 experti
1474 2364 1567 2399 sunt

46 2436 77 2461 v.
109 2420 164 2461 26
195 2420 405 2474 (deliciae).
456 2422 626 2473 denique
659 2436 690 2462 v.
719 2420 775 2463 28
804 2424 879 2476 ipsi
909 2423 1104 2464 librorum
1135 2426 1287 2466 ABPI'
1315 2428 1565 2480 corruptelae

46 2501 140 2530 uere
172 2491 214 2529 in
253 2490 373 2529 tutius
412 2490 619 2530 credemus
658 2502 773 2542 quam
812 2491 916 2531 facili
952 2492 1133 2539 lectioni,
1175 2506 1275 2545 quae
1307 2499 1438 2534 tamen
1470 2509 1564 2536 con-

44 2558 218 2597 iecturae
247 2558 472 2609 suspicione
502 2570 581 2597 non
611 2564 731 2604 caret,
762 2561 884 2599 etiam
913 2563 967 2609 in,
1004 2566 1045 2600 ut
1074 2562 1114 2600 in
1145 2563 1275 2601 GVZl
1305 2567 1428 2602 extat:
1462 2563 1564 2604 illius

45 2629 172 2664 autem
212 2637 289 2664 non
335 2625 446 2664 video
491 2625 798 2678 probabiliorem
844 2628 1157 2668 emendationem
1197 2641 1312 2680 quam
1359 2643 1460 2683 quae
1498 2644 1563 2672 re-

46 2697 158 2745 cepta
188 2693 227 2732 in
258 2693 307 2732 Ψ
331 2694 427 2733 latet
464 2694 504 2732 in
535 2695 577 2733 Η
606 2705 764 2746 quoque
784 2697 907 2734 uaria
942 2698 996 2736 in.
1059 2696 1127 2736 sed
1158 2702 1361 2749 praestant
1383 2701 1567 2741 GVZzlsl

46 2771 78 2799 v.
101 2757 155 2801 25
186 2762 303 2812 (huc),
337 2763 465 2801 GVZl
493 2774 527 2800 v.
552 2759 603 2800 12
635 2761 684 2814 (et
716 2763 919 2814 Cecropio)
953 2773 991 2803 et
1014 2762 1065 2804 18
1089 2763 1345 2816 (autumnalis
1363 2790 1409 2795 —
1436 2768 1561 2820 deae),

49 2828 133 2868 GZl
151 2839 184 2867 v.
207 2825 234 2868 8
265 2826 469 2882 (nichila),
504 2830 574 2870 GZ
602 2842 634 2869 v.
667 2828 722 2870 22
754 2830 971 2884 (pendens),
1002 2844 1076 2872 nec
1106 2832 1252 2874 desunt
1283 2834 1462 2887 exempla
1493 2836 1562 2880 ubi
