1884 3126
236 135 284 164 vl
851 133 1123 163 PRAEFATIO.

235 251 333 296 unt,
362 250 411 286 ut
439 243 555 300 quod
584 243 741 284 addam
770 241 876 284 nihil
903 242 1099 284 habeam.
1141 257 1193 283 ne
1222 242 1296 283 illa
1324 242 1509 298 quidem,
1540 258 1648 300 quae
1667 259 1723 285 ex

236 310 330 352 aliis
362 310 527 351 duobus
558 309 778 351 codicibus
807 308 1090 350 bibliothecae
1119 309 1263 361 regiae
1282 308 1502 350 Parisinae
1532 309 1591 363 (n.
1614 310 1720 352 7927

237 382 278 418 et
307 375 433 430 7936)
470 375 583 416 idem
620 375 854 429 excerpsit,
893 375 994 417 novi
1033 374 1264 429 quidquam
1300 374 1530 429 praebent,
1567 375 1723 431 quippe

236 457 344 498 quae
372 441 619 497 plerumque
647 455 837 482 meorum
867 444 922 481 Zl
949 440 1193 482 testimonia
1221 446 1429 495 repetant.
1487 447 1634 483 contra
1662 442 1722 482 di-

237 515 349 550 serte
383 508 563 563 ubique,
609 521 818 561 nusquam
856 521 932 562 per
978 505 1193 547 silentium
1229 506 1416 548 indicavi
1453 506 1490 547 si
1529 506 1633 562 quid
1669 522 1723 548 ex

236 573 415 616 aliorum
442 573 624 625 horreis,
653 587 705 614 ne
735 572 791 614 ad
820 572 988 627 plenam
1017 572 1266 614 memoriam
1297 572 1623 625 desideraretur,
1655 572 1723 614 de-

236 641 437 696 prompsi.
476 653 575 680 nam
603 639 774 692 integra
802 644 1002 680 excutere
1030 653 1108 680 nec
1137 638 1273 691 volui,
1303 639 1454 694 quibus
1476 638 1724 694 plerumque

236 707 371 748 careri
413 711 580 761 posset,
623 718 703 745 nec
739 709 878 746 tutum
915 710 1017 746 erat.
1077 719 1207 745 unum
1249 706 1294 745 in
1336 705 1459 746 huius
1496 704 1724 746 voluminis

235 771 546 828 prolegomenis
584 770 711 814 video
747 770 863 826 quod
910 770 1203 811 excusandum
1248 771 1318 812 sit.
1375 786 1474 812 nam
1517 770 1725 826 quaedam

237 838 430 880 codicum
469 843 669 891 excerpta
705 851 800 878 cum
837 837 995 891 partim
1032 837 1124 892 ipse
1154 836 1329 878 fecerim
1357 838 1515 892 partim
1545 837 1599 879 ab
1628 836 1724 878 aliis

236 903 471 958 acceperim
507 908 732 958 postquam
767 901 1068 957 prolegomena
1106 917 1190 944 non
1233 903 1384 958 scripsi
1422 909 1610 956 tantum,
1655 906 1744 944 sed·

237 969 472 1025 typothetis
495 970 622 1010 etiam
642 967 820 1020 tradidi,
851 982 988 1022 pauca
1007 969 1052 1009 in
1080 968 1146 1009 his
1176 968 1320 1024 paullo
1349 970 1487 1010 minus
1515 969 1584 1012 vel
1604 969 1727 1025 plene

237 1035 305 1077 vel
340 1041 537 1076 accurate
577 1035 630 1075 de
666 1034 871 1075 librorum
909 1034 1130 1089 scripturis
1168 1040 1341 1076 enotata
1377 1036 1581 1090 reperies,
1619 1051 1726 1091 quae

237 1107 482 1156 comparato
517 1101 610 1155 ipso
642 1101 787 1142 variae
816 1099 1009 1141 lectionis
1045 1114 1159 1155 penu
1186 1099 1314 1142 facile
1343 1100 1412 1142 vel
1442 1100 1630 1156 suppleri
1657 1101 1728 1144 vel

239 1167 396 1221 corrigi
425 1166 607 1221 possint.
666 1167 758 1221 ipse
796 1165 980 1221 plagulis
1018 1166 1165 1208 sedulo
1203 1166 1498 1208 examinandis
1529 1182 1637 1223 quae
1667 1167 1728 1209 of-

238 1233 358 1274 fendi
387 1232 443 1273 ad
473 1231 632 1273 calcem
661 1231 786 1273 huius
816 1231 914 1273 libri
945 1233 1177 1287 composui.

350 1299 435 1340 Sed
464 1304 692 1353 antequam
712 1299 863 1353 poetae
884 1298 1015 1339 trium
1035 1297 1267 1340 lustrorum
1296 1298 1435 1340 sodali
1463 1299 1559 1341 vale
1590 1299 1728 1340 dicam

238 1365 294 1407 ad
318 1369 674 1417 proleyomena
702 1379 810 1419 quae
831 1365 1050 1420 superiore
1081 1379 1191 1406 anno
1214 1365 1467 1421 prodierunt
1496 1366 1728 1420 respiciens

238 1432 424 1472 sarcinas
455 1431 719 1484 exonerabo,
751 1444 859 1486 quae
888 1432 1208 1484 perlustraturis
1248 1430 1323 1472 illa
1359 1431 1530 1486 cognitu
1574 1432 1727 1486 dignae

239 1497 377 1541 videri
406 1496 588 1552 possint.

348 1563 414 1604 Ac
433 1563 615 1619 primum
635 1562 750 1618 quod
778 1562 823 1603 in
853 1561 1042 1618 prolegg.
1064 1564 1200 1618 praef.
1221 1578 1262 1618 p.
1284 1563 1422 1604 XXX
1451 1564 1541 1605 dixi
1570 1564 1731 1606 frustra

238 1645 304 1672 me
325 1635 574 1685 expectasse
595 1632 642 1670 M
648 1633 705 1670 ed
713 1633 729 1670 i
734 1633 812 1670 cei
833 1632 982 1671 codicis
1001 1630 1215 1684 specimen
1234 1629 1517 1685 photographi
1538 1636 1630 1672 arte
1658 1646 1729 1672 ex-

238 1711 434 1752 pressum
471 1710 563 1736 sero
602 1701 743 1736 tamen
781 1709 924 1736 mense
953 1695 1173 1749 praeteriti
1202 1696 1303 1736 anni
1333 1696 1562 1737 Decembri
1590 1696 1729 1738 medio

240 1762 460 1804 Florentia
475 1761 578 1802 mihi
601 1760 838 1803 transmisit
861 1763 1147 1803 Theodorus
1158 1765 1308 1814 Heysz·
1316 1776 1370 1803 us
1378 1793 1389 1814 ,
1414 1762 1603 1805 scribens
1619 1762 1729 1805 litte-

239 1829 298 1870 ris
313 1828 581 1870 amicissimis
599 1842 644 1868 se
658 1841 793 1882 usque
808 1827 1034 1869 retinuisse
1055 1827 1311 1880 schedulam,
1329 1827 1444 1883 quod
1457 1843 1535 1870 nec
1554 1829 1638 1884 ipsi
1652 1844 1730 1871 nec

189 1909 199 1918 ·
240 1894 393 1936 artifici
423 1895 496 1950 qui
525 1899 754 1948 exceperat
783 1894 887 1935 satis
917 1893 1103 1935 fecisset.
1153 1901 1196 1936 et
1226 1894 1455 1936 dolendum
1485 1910 1586 1936 sane
1615 1896 1731 1951 quod

242 1961 453 2017 quaedam
481 1961 526 2000 in
555 1974 605 2001 ea
632 1958 702 2002 vel
730 1965 968 2014 temporum
995 1960 1064 2002 vel
1093 1960 1264 2001 luminis
1294 1961 1451 2002 iniuria
1488 1961 1595 2004 adeo
1633 1976 1731 2003 eva-

239 2032 445 2079 nuerunt,
476 2032 525 2067 ut
552 2041 606 2067 ne
632 2025 903 2067 instrumenti
924 2026 1094 2082 quidem
1123 2042 1203 2081 ope
1233 2026 1369 2068 adiuti
1399 2027 1509 2068 oculi
1537 2029 1732 2070 umbram

242 2107 390 2135 eorum
424 2092 627 2148 redipisci
663 2092 843 2148 possint.
901 2092 1015 2147 quod
1051 2093 1237 2134 maxime
1274 2092 1327 2134 de
1357 2094 1502 2136 verbis
1540 2094 1584 2135 in
1613 2094 1732 2135 exitu

244 2158 552 2201 versiculorum
581 2159 732 2214 positis
762 2159 895 2200 valet:
927 2174 1028 2200 nam
1057 2173 1230 2215 prorsus
1253 2165 1517 2201 evanuerunt
1544 2160 1588 2201 in
1615 2175 1656 2202 v.
1681 2160 1733 2201 10

242 2225 435 2280 margine
479 2225 722 2280 adpositum
761 2236 964 2266 PRETIVM
1002 2225 1278 2281 (quamquam
1315 2232 1465 2271 extare,
1503 2226 1549 2267 in
1590 2226 1733 2268 codice

243 2305 356 2332 nunc
392 2291 519 2332 etiam
555 2303 730 2332 RETIVM
767 2292 949 2334 evanida
985 2291 1074 2333 sola
1100 2303 1127 2331 P
1162 2298 1346 2334 testatur
1373 2293 1579 2347 Heysius)‚
1617 2298 1660 2333 et
1687 2293 1732 2332 in

244 2357 446 2399 extremis
477 2371 519 2398 V.
551 2358 601 2398 12
640 2365 770 2410 OPeS,
807 2373 848 2399 v.
881 2359 933 2399 14
966 2366 1155 2400 ANImUS
1183 2358 1414 2412 vocabula3
1445 2358 1549 2399 item
1576 2359 1621 2399 in
1641 2373 1682 2399 v.
1705 2359 1730 2400 8

242 2423 382 2465 ultimi
418 2423 618 2465 vocabuli
657 2424 763 2465 duas
801 2429 967 2466 tantum
1011 2425 1175 2466 litteras
1215 2435 1275 2466 OU
1311 2424 1487 2479 agnovi:
1534 2424 1611 2465 sed
1648 2424 1730 2465 cla-

242 2491 396 2531 riorem
439 2504 641 2544 umquam
682 2490 808 2531 huius
858 2491 1042 2545 paginae
1086 2491 1270 2546 speciem
1317 2490 1396 2531 soli
1439 2491 1730 2546 apparituram

243 2569 334 2597 esse
370 2570 465 2596 cum
503 2571 600 2611 spes
636 2555 755 2597 nulla
791 2557 867 2609 sit,
905 2571 1013 2612 quae
1050 2563 1220 2598 strenue
1257 2562 1479 2598 conantem
1522 2556 1729 2598 artificem

242 2621 474 2663 identidem
502 2621 722 2676 fefellerit,
751 2636 929 2677 cumque
955 2622 1157 2678 pleraque
1178 2622 1327 2665 saltem
1357 2623 1501 2665 vivam
1530 2623 1728 2678 antiquae

244 2687 481 2743 scripturae
508 2687 737 2742 imaginem
764 2687 966 2741 reddant,
1006 2703 1115 2744 quae
1152 2689 1408 2743 benignitati
1436 2689 1562 2730 amici
1592 2689 1726 2731 debeo

243 2753 344 2794 licet
378 2753 532 2807 partim
565 2753 660 2808 ipsa
695 2754 878 2797 obscura
913 2759 1054 2796 tamen
1089 2756 1135 2795 in
1168 2754 1307 2797 lucem
1342 2754 1598 2810 proferenda
1633 2768 1727 2796 esse
