1884 3126
774 179 906 208 CAPUT
937 179 1000 205 111.
1598 161 1652 204 57

126 296 292 348 periisse
325 300 455 335 autem
487 298 637 334 certum
672 298 733 333 est
762 296 801 332 et
831 291 996 332 alterum
1029 289 1247 330 sententiae
1279 288 1501 328 membrum
1535 289 1653 340 parti-

127 363 211 403 cula
243 366 324 403 sive
353 363 548 415 incipiens
580 367 618 401 et
650 361 854 411 utriusque
883 364 1089 412 protaseos
1120 357 1331 409 apodosin,
1365 357 1478 395 cuius
1508 357 1654 395 frustu-

127 431 205 470 lum
252 431 418 470 sortasse
464 436 523 469 est
568 434 790 478 utrumque.
855 433 892 467 et
930 431 1239 466 consentaneum
1288 429 1388 469 erat,
1441 424 1489 463 de
1526 424 1654 463 sutura

127 498 271 551 Lydiae
302 511 394 538 suae
426 503 532 538 sorte
565 497 680 550 paulo
711 496 907 548 copiosius
938 500 1094 547 poetam
1127 495 1323 545 augurari.

240 566 435 605 Restituto
467 571 507 605 ut
537 566 736 617 potuimus
768 563 906 603 ordine
937 575 1122 602 versuum
1155 567 1193 611 et
1223 574 1326 600 nexu
1351 567 1468 611 atque
1491 559 1655 600 consilio

128 634 312 686 poematii
344 633 545 685 explorato
577 632 884 683 circumspicere
915 630 1062 675 licebit,
1097 642 1171 680 qua
1203 630 1242 669 in
1275 628 1533 680 disponendis
1564 641 1654 680 par-

128 702 233 742 tibus
271 707 354 740 arte
395 712 485 740 usus
522 701 572 739 sit
602 706 728 752 poeta.
791 704 829 739 et
859 699 953 738 fecit
991 696 1211 750 periculum
1252 697 1505 749 stropharum
1537 695 1657 735 orbes

128 768 354 821 aequabiles
393 768 510 807 modo
541 767 602 806 bis
642 767 758 806 modo
796 771 856 806 ter
888 766 1078 818 repetitos
1115 765 1330 805 seeundum
1360 764 1654 805 intercalarium

128 849 312 877 versuum
345 836 484 876 indicia
516 834 783 887 componendi
814 834 1074 879 Goebbelius,
1116 846 1233 887 quem
1266 834 1404 885 negari
1440 833 1499 871 vix
1530 837 1659 885 potest

127 904 318 957 quaedam
360 905 454 944 satis
493 909 601 943 recte
638 903 974 942 animadvertisse.
1037 914 1175 942 verum
1215 902 1319 940 enim
1363 906 1420 940 est
1457 906 1547 952 post
1578 905 1658 940 tres

128 974 276 1025 primos
307 985 455 1018 versus,
489 984 588 1025 quos
618 972 812 1023 prooemii
841 971 922 1010 vice
954 970 1065 1021 l'ungi
1095 969 1308 1022 perspexit,
1342 973 1525 1020 quattuor
1547 966 1657 1008 4-—7

117 1040 274 1097 Jiabei'e
306 1041 372 1093 qui
403 1040 581 1092 apprime
613 1038 881 1091 respondeant
913 1037 1072 1077 ultimos
1095 1035 1148 1076 98
1162 1035 1302 1076 —101.
1365 1037 1468 1076 idern
1502 1037 1660 1087 agnovit

129 1109 338 1160 quinorum
370 1119 551 1147 versuum
585 1103 842 1158 par'37-—4l
876 1111 914 1146 et
933 1103 1101 1145 42-46
1128 1111 1166 1145 et
1196 1110 1303 1145 recte
1335 1104 1567 1157 complexus
1599 1109 1659 1151 est

130 1188 246 1215 senos
277 1173 415 1215 8-13
448 1180 485 1214 et
514 1172 702 1220 48--53,
751 1185 989 1225 quamquam
1035 1186 1110 1213 nec
1147 1173 1245 1213 haec
1283 1174 1386 1212 inter
1427 1186 1469 1212 se
1507 1173 1659 1217 ratione

131 1243 207 1283 ulla
246 1243 439 1282 contineri
477 1249 570 1293 puto
610 1254 683 1280 nec
722 1242 876 1280 tertiam
917 1253 1031 1293 quam
1064 1241 1124 1281 his
1156 1242 1377 1293 oppositam
1410 1253 1495 1280 esse
1526 1241 1661 1280 statuit

129 1310 331 1363 stropham
371 1307 535 1350 76—81
574 1308 713 1361 probo.
774 1310 814 1348 in
855 1310 998 1348 ceteris
1043 1321 1158 1361 quam
1206 1308 1398 1349 violenter
1444 1314 1482 1348 et
1518 1321 1658 1361 parum

130 1372 344 1431 prudenter
384 1382 559 1417 versatus
605 1377 656 1415 sit
701 1388 888 1416 enarrare
929 1376 1103 1427 longum.
1167 1375 1281 1416 nobis
1319 1389 1413 1416 vero
1453 1377 1657 1428 egregium

129 1445 193 1486 hie
231 1450 391 1498 praesto
429 1446 502 1485 fuit
541 1444 819 1484 documentum
853 1449 970 1496 atque
1002 1443 1188 1483 auxilium
1221 1445 1315 1483 artis
1346 1444 1470 1484 codex
1502 1443 1660 1484 Bembi-

131 1527 215 1559 nus,
248 1515 288 1552 in
320 1525 396 1564 quo
427 1513 568 1552 litteris
600 1513 775 1551 miniatis
804 1511 1018 1551 initialibus
1049 1512 1090 1551 hi
1121 1514 1247 1551 nostri
1278 1512 1402 1564 idyllii
1425 1525 1561 1552 versus
1582 1512 1660 1552 dis-

131 1582 240 1621 tincti
270 1586 376 1620 sunt:
412 1578 476 1620 14.
508 1577 575 1620 20.
608 1577 675 1619 26.
708 1577 775 1619 30.
807 1577 874 1619 54.
908 1577 974 1619 63.
1008 1577 1075 1619 67.
1110 1578 1177 1619 71.
1210 1578 1275 1620 75.
1307 1578 1375 1620 84.
1404 1578 1469 1620 89.
1503 1578 1569 1621 95.
1593 1578 1660 1620 97.

131 1663 176 1689 ex
209 1648 352 1700 quibus
382 1661 502 1688 novas
534 1649 749 1688 sententias
780 1648 976 1700 incipiunt
1005 1646 1072 1688 20.
1106 1646 1173 1688 26.
1206 1645 1274 1688 63.
1305 1646 1373 1688 67.
1405 1646 1471 1689 84.
1502 1646 1570 1689 89.
1593 1647 1659 1695 95,

132 1716 189 1756 vel
220 1722 488 1769 proasmatum
522 1715 580 1755 vel
613 1716 915 1767 ephymniorum
947 1716 1006 1755 vel
1045 1717 1355 1767 mesymniorum
1385 1718 1468 1756 vice
1490 1718 1661 1768 fungun-

131 1791 195 1825 tur
228 1782 290 1823 14.
321 1782 390 1824 30.
421 1781 489 1824 54.
522 1782 586 1823 71.
621 1781 686 1823 75.
719 1781 785 1823 97.
847 1783 952 1836 quod
992 1796 1072 1822 non
1117 1796 1229 1823 mero
1269 1797 1361 1824 casu
1399 1784 1457 1824 vel
1498 1785 1662 1825 arbitrio

132 1852 299 1897 librarii,
339 1852 409 1891 sed
449 1856 557 1892 certo
597 1850 761 1891 consilio
793 1851 841 1890 ad
874 1851 1082 1891 indicanda
1115 1853 1225 1902 quasi
1258 1851 1435 1892 membra
1469 1853 1660 1903 quaedam

131 1921 310 1972 corporis
340 1920 486 1959 sactum
518 1932 606 1958 esse
636 1932 725 1959 cum
757 1932 828 1971 per
859 1933 901 1959 se
932 1919 1138 1972 probabile
1171 1921 1221 1959 sit
1251 1925 1332 1959 tum
1363 1919 1565 1960 luculento
1589 1921 1662 1960 bu-

132 1979 282 2028 colicon
315 1986 493 2039 exemplo
525 1987 834 2027 demonstratur.
894 1989 934 2026 in
965 1987 1112 2039 quibus
1144 1987 1285 2026 eodem
1317 1994 1552 2028 ornamento
1584 2002 1662 2028 uon

134 2061 284 2095 tantum
322 2067 583 2106 personarum
623 2055 724 2094 vices
763 2059 865 2094 totas
904 2067 976 2107 per
1009 2054 1167 2106 eclogas
1198 2055 1224 2093 1.
1258 2055 1321 2094 Ill.
1355 2055 1397 2095 V.
1431 2056 1508 2095 VII.
1543 2056 1594 2095 IX
1627 2063 1665 2096 et

132 2125 172 2162 in
194 2123 278 2162 Vlll
303 2122 558 2162 intercalares
590 2128 628 2162 et
657 2123 697 2162 in
729 2121 913 2162 omnibus
945 2121 1115 2162 initiales
1147 2135 1284 2162 versus
1316 2128 1558 2168 constanter,
1594 2124 1663 2164 sed

134 2193 250 2231 etiam
281 2190 346 2230 alii
383 2190 460 2230 loci
498 2190 597 2230 tales
628 2190 938 2242 distinguuntur,
988 2191 1094 2230 unde
1133 2191 1316 2243 strophas
1356 2192 1412 2230 vel
1453 2193 1664 2244 particulas

133 2258 352 2310 idylliorum
384 2270 505 2297 novas
535 2259 713 2310 incipere
744 2259 868 2309 signis
898 2258 1086 2310 adpositis
1116 2259 1200 2310 ipse
1229 2258 1416 2298 indicavi:
1451 2265 1609 2311 praeter
1630 2261 1663 2300 ll

132 2325 170 2371 6,
205 2326 287 2365 VIII
320 2324 383 2365 17.
417 2323 472 2365 62
512 2325 593 2377 (ubi
633 2331 675 2364 ut
711 2327 751 2364 in
792 2325 879 2365 aliis
910 2325 1023 2365 libris
1054 2325 1150 2365 POE
1181 2332 1458 2377 praenotatum
1490 2327 1562 2379 est)
1594 2326 1662 2368 64.

134 2394 185 2433 IX
215 2391 270 2432 46
307 2394 347 2431 in
389 2392 459 2432 ecl.
499 2392 533 2431 II
563 2391 629 2432 56.
663 2390 737 2436 66,
783 2393 830 2432 VI
859 2391 927 2432 27.
959 2391 1034 2438 61,
1075 2393 1109 2432 Χ
1139 2391 1208 2433 31.
1238 2391 1306 2434 55.
1338 2392 1404 2433 60.
1437 2393 1503 2435 75.
1565 2409 1664 2448 quae

135 2461 309 2511 quamvis
339 2472 447 2499 meas
479 2459 758 2512 dispositiones
789 2461 1025 2500 confirmare
1057 2460 1192 2507 laeter,
1228 2466 1358 2501 tamen
1388 2474 1461 2502 nec
1482 2464 1664 2504 sufficere

134 2534 299 2580 apparet
343 2527 391 2567 ad
428 2527 701 2567 illustrandam
748 2533 920 2567 totorum
966 2528 1191 2580 idylliorum
1231 2534 1474 2569 structuram
1515 2537 1553 2570 et
1591 2532 1663 2571 alia

134 2597 286 2636 librarii
325 2595 384 2635 vel
426 2595 672 2647 neglegentia
703 2597 764 2636 vel
804 2609 940 2635 errore
979 2598 1188 2636 commissa
1230 2610 1318 2637 esse
1349 2598 1553 2638 fatendum
1586 2606 1663 2639 est:

136 2676 214 2714 quo
243 2665 329 2715 ipso
360 2663 402 2702 fit
432 2667 475 2701 ut
505 2663 701 2702 nobismet
737 2664 834 2715 ipsis
864 2676 1005 2715 sapere
1044 2664 1164 2704 licere
1196 2666 1344 2704 certius
1373 2665 1662 2718 intellegamus.

137 2743 225 2770 nam
257 2732 297 2770 in
329 2731 401 2770 ecl.
433 2730 485 2770 111
518 2743 551 2770 v,
573 2729 628 2770 48
660 2730 759 2770 salso
790 2732 821 2770 S
849 2731 1040 2771 initialem
1073 2733 1273 2771 miniatam
1304 2735 1436 2784 posuit
1465 2734 1667 2780 librarius,-

137 2799 176 2837 in
206 2797 271 2837 VII
301 2795 355 2837 69
387 2803 425 2837 et
455 2797 539 2836 VlII
573 2796 622 2838 17
663 2811 802 2837 novam
841 2811 1051 2850 personam
1092 2804 1230 2839 notare
1267 2799 1412 2840 oblitus
1442 2802 1483 2840 in
1515 2802 1580 2842 VII
1610 2802 1665 2843 65

138 2870 357 2905 atramento
396 2878 468 2918 pro
500 2866 621 2906 minio
653 2879 747 2906 usus
779 2872 857 2913 est,
896 2878 970 2907 nec
999 2867 1277 2908 intercalarem
1310 2881 1467 2909 versum
1500 2870 1579 2910 VIII
1609 2869 1664 2911 46
