1884 3126
312 135 393 176 160
931 153 1182 180 CATAan‘rA.

421 260 549 298 dulcia
581 261 767 300 iactantes
798 261 948 301 alterno
980 263 1149 300 carmina
1183 275 1304 307 versu,

477 331 600 381 qualia
631 333 856 372 Trinacriae
888 334 1023 372 doctus
1053 339 1153 372 amat
1182 335 1338 374 iuvenis.
1494 351 1496 353 ¹
1746 338 1799 377 20

420 406 594 443 certatim
625 405 815 444 ornabant
845 418 979 444 omnes
1001 406 1157 444 heroida
1188 406 1275 450 divi,

474 479 649 515 certatim
681 477 788 516 divae
818 490 979 516 munere
1010 490 1185 529 quaeque
1215 491 1295 517 suo.

419 548 568 587 felicem
599 553 687 587 ante
718 549 809 588 alias
839 562 861 588 o
891 554 929 588 te
959 551 1148 601 scriptore
1179 550 1364 601 puellam!

473 620 592 660 altera
624 633 702 659 non
734 622 831 659 fama
868 621 1008 660 dixerit
1038 634 1123 661 esse
1153 624 1278 673 prior:

419 705 495 730 non
526 692 610 737 illa,
643 693 898 744 Hesperidum
929 695 969 732 ni
999 706 1158 732 munere
1189 699 1296 744 capta
1328 695 1463 733 suisset
1747 698 1797 735 25

475 776 573 814 quae
603 765 797 804 volucrem
829 778 944 804 cursu
976 767 1120 805 vicerat
1149 766 1430 817 Hippomenen,

419 837 579 875 candida
611 849 754 887 cycneo
786 849 863 875 non
895 837 993 876 edita
1025 838 1214 890 Tyndaris
1245 851 1327 884 ovo,

475 921 550 947 non
583 920 726 958 supero
759 908 911 959 fulgens
942 910 1147 960 Cassiopea
1176 910 1278 961 polo,

419 993 494 1019 non
526 981 682 1019 defensa
713 981 777 1019 diu
808 981 1008 1020 volucrum
1039 983 1250 1020 certamine
1281 994 1483 1032 equorum,

474 1052 657 1103 optabant
687 1053 824 1091 Graiae
855 1064 968 1103 quam
1001 1053 1074 1092 sibi
1105 1065 1280 1105 quaeque
1311 1067 1460 1098 mamis,
1746 1059 1800 1096 30

418 1137 532 1175 saepe
563 1126 729 1164 animam
760 1127 895 1174 generi
925 1138 997 1176 pro
1029 1138 1102 1177 qua
1132 1131 1242 1177 pater
1272 1127 1411 1177 impius
1441 1127 1576 1172 hausit,

474 1209 588 1247 saepe
621 1196 739 1235 rubro
771 1197 872 1235 Eleis
904 1198 1089 1248 sanguine
1120 1198 1230 1236 ssuxit
1258 1198 1415 1241 humum

419 1269 525 1318 regia
556 1281 633 1307 non
664 1268 835 1315 Semele,
867 1281 944 1308 non
973 1269 1125 1308 Inachis
1155 1271 1363 1313 Acrisione,

473 1341 614 1379 inmitti
645 1347 829 1392 expertae
866 1341 1026 1380 fulmine
1057 1346 1094 1380 et
1122 1341 1247 1380 imbre
1275 1342 1422 1385 Iovem;

419 1425 495 1451 non
526 1414 637 1452 cuius
668 1413 716 1451 ob
746 1420 899 1464 raptum
931 1413 1030 1464 pulsi
1058 1413 1207 1464 liquere
1236 1419 1396 1465 penates
1745 1418 1796 1455 35

394 1559 442 1595 19
475 1565 655 1596 cantantes
686 1561 720 1596 R
751 1561 945 1596 ianetantes
977 1569 996 1597 ε
1089 1560 1224 1595 alterna
1253 1559 1297 1594 H
1405 1560 1458 1597 20
1487 1562 1650 1597 trinacrie
1680 1562 1715 1597 R

309 1615 357 1651 21
391 1615 511 1650 eroida
541 1617 582 1651 H
610 1615 764 1662 epiredia
794 1616 825 1650 Z
853 1615 1016 1663 epyredia
1036 1615 1071 1650 R
1165 1615 1238 1663 diui
1267 1616 1386 1651 Ianus
1415 1617 1543 1653 Dousa
1567 1619 1796 1663 praecidan.

308 1673 358 1707 ad
390 1671 524 1706 Tibulli
562 1682 593 1706 c.
629 1671 679 1707 13
716 1683 755 1717 p.
789 1671 850 1707 78¹
878 1671 972 1706 diuei
1003 1672 1038 1706 B
1075 1670 1174 1706 diuae
1204 1671 1298 1706 ΧΖα
1335 1671 1415 1720 (Ιίυς
1446 1671 1480 1706 R
1517 1672 1597 1707 diue
1627 1673 1687 1709 He

308 1726 358 1762 22
390 1726 471 1761 diue
492 1726 567 1761 HR
663 1737 806 1773 quoque
836 1726 872 1760 B
903 1724 949 1773 qu
968 1744 976 1752 ·
994 1727 1037 1762 H
1147 1725 1197 1762 23
1229 1727 1314 1762 alios
1336 1727 1424 1763 ΒΖΕ
1510 1738 1530 1762 o
1563 1733 1596 1762 te
1622 1728 1655 1762 B
1683 1734 1738 1764 tot
1759 1729 1803 1763 H

309 1787 406 1817 tanto
438 1781 593 1818 RXZeoc'
714 1781 765 1816 24
796 1781 912 1816 Altera
950 1793 1022 1817 non
1055 1781 1098 1822 B,
1132 1781 1305 1829 Scaliger
1341 1782 1440 1817 Alter
1476 1793 1547 1817 non
1577 1783 1710 1819 HRZoc
1739 1784 1798 1819 Al-

309 1842 410 1872 terno
441 1837 499 1873 Xe
586 1836 675 1871 sama
705 1838 750 1877 Β,
784 1836 957 1883 Scaliyer
986 1837 1111 1884 phama
1139 1837 1173 1872 R
1204 1836 1326 1872 samam
1360 1837 1515 1873 ΗΧΖεα
1600 1849 1678 1873 esse
1712 1840 1794 1883 BR,

306 1893 545 1928 Munelcerus
581 1893 633 1927 acl
659 1893 798 1939 Hyyin.
834 1891 910 1928 185
943 1891 1017 1938 ipse
1048 1892 1204 1929 ΗΧΖεα
1319 1893 1442 1928 vixerit
1472 1904 1585 1940 usque
1618 1894 1797 1930 Heinsius

307 1948 436 1982 dieitur
466 1958 545 1982 esse
574 1949 768 1983 Francius
888 1946 939 1982 25
972 1946 1159 1993 exsperidu
1189 1948 1222 1982 R
1313 1944 1367 1996 ni]
1398 1949 1434 1982 in
1464 1948 1521 1984 Re
1643 1949 1692 1985 26
1724 1948 1798 1992 Que

308 2004 380 2038 BR
457 2014 599 2038 uoerem
621 2004 656 2038 B
740 2003 988 2049 hippomenem
1014 2002 1044 2036 Z
1072 2003 1294 2050 hypomenen
1319 2004 1350 2037 B
1379 2003 1635 2050 hyppomenem
1656 2005 1698 2040 H
1722 2005 1798 2052 hip-

307 2069 491 2105 pomauem
521 2059 607 2095 Χεα
636 2056 812 2106 ypomane
841 2058 875 2093 R
987 2052 1039 2093 ‘27
1072 2069 1208 2105 cygneo
1239 2059 1274 2094 R
1304 2059 1429 2105 cigneo
1461 2059 1504 2093 H
1585 2059 1729 2094 tindaris
1759 2060 1803 2094 H

391 2158 461 2182 ono
493 2147 533 2182 H
655 2147 705 2183 28
736 2128 912 2195 cassi‘dpea
940 2146 1024 2192 polo
1056 2147 1090 2181 Β
1119 2147 1296 2193 cassipoea
1330 2146 1414 2193 polo
1445 2156 1464 2183 ε
1495 2147 1635 2194 casieq·
1655 2148 1796 2194 appollo

310 2203 352 2238 II
377 2204 515 2249 easieq3
553 2202 670 2249 apollo
702 2202 736 2237 R
859 2201 908 2237 29
942 2201 1124 2236 uolucrum
1155 2203 1216 2237 Βα
1253 2202 1400 2237 multum
1423 2201 1589 2239 HRXZe
1688 2213 1797 2248 equo-

308 2270 386 2293 rum
417 2259 500 2294 Rea
531 2268 682 2305 quorum
713 2257 818 2293 BHZ
957 2256 1009 2293 30
1039 2256 1209 2292 Obtabant
1240 2257 1275 2291 B
1379 2257 1497 2292 Graiae
1534 2269 1635 2304 quam
1665 2270 1688 2292 α
1719 2269 1797 2304 gra-

309 2314 389 2349 uide
420 2313 515 2360 quod
545 2313 643 2349 ΒΗε
675 2313 839 2360 grauidae
871 2311 966 2360 quod
996 2312 1103 2349 RXZ
1186 2323 1324 2359 queque
1355 2312 1426 2348 BR
1448 2311 1519 2362 (1113
1546 2313 1589 2348 H
1670 2324 1797 2360 nurum

313 2370 453 2405 Tollius
506 2361 511 2373 l
589 2369 637 2404 31
671 2365 837 2417 animam]
869 2365 971 2405 cniffil
1001 2378 1021 2406 ε
1121 2369 1244 2415 generi
1274 2380 1341 2404 om.
1374 2378 1393 2405 ε
1489 2368 1579 2415 proh
1609 2379 1709 2415 quam
1739 2369 1798 2404 Xe

390 2425 499 2472 ipsius
531 2424 562 2459 Z
694 2423 744 2460 32
776 2423 866 2471 Sepe
899 2424 934 2458 B
1062 2423 1152 2458 Eleis
1191 2436 1215 2458 α
1252 2423 1372 2458 similis
1414 2423 1615 2468 BHRXZ,
1658 2423 1797 2459 Veneta

308 2488 382 2549 silis
414 2523 433 2550 ε
527 2512 627 2548 fulsit
657 2512 691 2548 R
824 2512 874 2549 33
907 2525 974 2549 om.
1007 2512 1192 2556 HRXZe‚
1233 2516 1354 2548 tamen
1385 2517 1425 2548 ut
1454 2514 1491 2547 in
1519 2512 1616 2548 ΗΒΕ
1645 2512 1799 2548 initialis

309 2571 437 2605 littera
466 2568 492 2603 R
529 2573 632 2604 extet
663 2579 782 2604 vacuo
814 2570 958 2615 reliquo
994 2569 1173 2604 versiculi
1202 2570 1342 2613 spatio,
1377 2572 1411 2603 et
1445 2570 1499 2603 sic
1531 2568 1630 2603 Voss.
1652 2566 1677 2601 H
1707 2577 1795 2613 quo-

309 2635 399 2671 que:
424 2624 475 2670 ef.
501 2623 671 2659 Naelcius
692 2624 771 2659 Cat.
791 2635 831 2670 p.
849 2623 926 2660 351
1016 2622 1069 2659 34
1088 2623 1220 2658 Inmitti
1240 2624 1298 2660 Βε
1326 2623 1466 2658 Immitti
1487 2623 1529 2657 II
1544 2621 1669 2656 Immiti
1690 2621 1794 2666 ΧΖα,

310 2681 409 2726 quod
433 2680 613 2726 placebat
644 2679 850 2726 Scaliyero.
882 2678 972 2714 Imiti
994 2678 1028 2714 R
1057 2679 1250 2714 immissum
1270 2678 1435 2725 Lanyius
1519 2682 1682 2724 expertae
1704 2677 1796 2712 Sca-

308 2737 405 2782 lv'yer
443 2726 605 2782 expectat
632 2735 668 2769 B
705 2739 891 2782 expectant
930 2733 1101 2770 HRXZoc
1137 2738 1342 2781 exspectant
1371 2743 1391 2770 ε
1503 2731 1554 2768 35
1585 2731 1661 2767 Nou
1699 2733 1797 2767 cuius

311 2790 354 2825 ob
389 2791 438 2831 B,
479 2793 572 2827 coni.
607 2790 786 2837 Meyerus
822 2789 898 2825 Non
937 2789 981 2825 ob
1012 2790 1111 2825 cuius
1141 2790 1182 2825 H
1208 2789 1284 2825 Non
1315 2788 1359 2824 ob
1390 2799 1475 2823 enus
1506 2787 1536 2822 Z
1564 2787 1639 2823 Non
1672 2787 1796 2823 obuius
