1884 3126
324 113 401 155 178
875 118 878 119 ⁷
997 133 1135 159 LYDIA.

369 240 391 285 ζ
430 251 508 277 non
537 240 686 278 Aurora
715 252 835 279 novos
866 242 979 280 etiam
1011 240 1173 291 ploravit
1203 253 1353 280 amores
1703 244 1810 293 (175)

432 315 546 363 atque
578 311 724 351 rubens
754 311 887 351 oculos
916 325 1030 351 roseo
1061 312 1198 352 celavit
1227 314 1390 352 amictu?

324 422 386 472 Εη
433 421 519 460 talia
553 422 770 462 caelicolae.
830 423 1016 473 numquid
1047 424 1175 462 minus
1205 435 1320 462 aurea
1351 425 1510 475 promo?

432 506 524 544 ergo
555 495 658 544 quod
690 495 787 533 deus
817 499 931 546 atque
962 495 1102 540 heros,
1136 508 1234 546 quor
1263 507 1341 534 non
1372 497 1498 535 minor
1529 497 1657 535 aetas?
1760 500 1809 536 75

354 607 386 642 θ
430 605 566 644 infelix
596 617 687 655 eg0‚
720 618 797 655 non
828 605 893 644 illo
924 607 990 657 qui
1021 611 1196 657 tempore
1227 611 1340 645 natus

429 688 504 727 quo
534 677 659 716 facilis
690 684 824 717 natura
852 678 935 716 suit.
997 690 1082 716 sors
1113 690 1134 716 ο
1166 690 1251 717 mea
1281 678 1385 717 laeva
1699 681 1807 728 (180)

428 749 612 788 nascendi
642 750 904 800 miserumque
934 762 1076 800 genus,
1109 751 1200 800 quoi
1231 762 1317 788 sera
1347 749 1466 788 libido
1498 751 1571 789 est!

347 858 385 909 η’
427 865 571 899 tantam
602 858 726 898 saecla
758 871 867 898 meae
897 859 1026 898 cordis
1056 861 1185 899 secere
1215 861 1402 911 rapinam,

428 936 469 970 ut
499 943 673 971 maneam
705 931 805 982 quod
836 932 897 969 vix
927 931 1050 971 oculis
1081 943 1317 982 cognoscere
1347 933 1482 983 possis.
1754 935 1807 973 80

313 1059 410 1104 liyer
438 1057 525 1092 mala
554 1066 587 1103 ψ
618 1056 745 1091 malum
784 1055 820 1090 Y
843 1055 966 1091 malam
990 1068 1102 1102 prop.
1135 1057 1307 1092 Naelcius
1395 1056 1498 1091 barba
1530 1057 1701 1104 Scaliyer
1729 1057 1806 1092 bar·

315 1111 392 1147 bam
422 1124 452 1147 ω
567 1113 616 1148 72
647 1110 756 1158 (175)
785 1111 915 1146 nothos
947 1115 1043 1147 coni.
1076 1112 1128 1148 G.-
1152 1111 1396 1148 Her-mannus
1507 1112 1557 1149 73
1587 1108 1713 1161 roseo]
1746 1124 1804 1148 ru-

314 1166 381 1202 beo
416 1166 461 1202 Ψ
553 1167 698 1214 caelauit
721 1167 755 1202 B
783 1166 908 1202 velavit
929 1167 1195 1203 Broulclcusius
1327 1167 1377 1203 74
1410 1178 1463 1214 sq.
1494 1170 1643 1204 inverso
1675 1170 1806 1204 ordine

324 1222 474 1259 Vratisl.
496 1223 516 1258 1
608 1222 658 1258 74
677 1224 805 1258 littera
834 1224 971 1258 initiali
996 1225 1152 1258 miniata
1175 1223 1210 1257 B
1294 1224 1446 1270 nunquit
1476 1232 1495 1260 ε
1580 1224 1681 1259 nimis
1703 1224 1801 1259 Med.

397 1289 511 1326 prono
533 1279 564 1314 Z
590 1279 702 1326 primo
728 1278 813 1313 TW
840 1277 959 1324 proles
987 1278 1175 1314 Vonclcius
1262 1278 1312 1314 75
1345 1278 1393 1325 qa
1411 1278 1448 1314 B
1478 1278 1558 1325 quid
1581 1280 1623 1314 H
1695 1278 1801 1314 decus

314 1333 356 1369 H
438 1329 547 1382 quor]
580 1334 663 1380 quoi
694 1333 723 1368 Z
751 1344 814 1368 cur
833 1338 866 1379 ψ
970 1329 1060 1382 non]
1096 1333 1141 1368 fi&
1172 1333 1270 1369 Colb.
1304 1333 1327 1369 3
1461 1333 1509 1369 77
1542 1333 1650 1379 (180)
1680 1339 1803 1369 natura

314 1394 436 1424 nostra
466 1389 495 1424 Z
577 1389 655 1424 leua
686 1389 722 1424 B
750 1388 843 1423 lenta
872 1389 918 1423 D.
948 1389 1129 1424 Heinsius
1242 1388 1292 1424 78
1322 1389 1534 1424 nascendum
1570 1389 1601 1424 Τ
1626 1390 1802 1424 nascentis

314 1444 360 1479 Ν.
393 1445 572 1480 Heinsius
675 1444 757 1491 quoi
789 1444 957 1479 Naelcius
986 1454 1056 1491 quo
1086 1456 1116 1479 ω
1147 1455 1167 1479 o
1199 1445 1254 1479 vel
1284 1454 1349 1490 pro
1380 1444 1426 1479 N.
1459 1443 1639 1480 Heinsius
1722 1455 1802 1479 sero

317 1499 415 1535 Call).
449 1499 484 1544 2,
518 1509 537 1537 ε
623 1504 677 1535 est
707 1510 775 1535 om.
807 1499 941 1535 HYZot
1062 1499 1111 1535 79
1143 1499 1286 1534 Tantam
1307 1498 1435 1534 HTW
1465 1499 1564 1534 Colb.
1596 1499 1619 1535 3
1651 1499 1799 1534 Tantum

314 1555 463 1590 MRYZ
490 1555 599 1590 Tanta
632 1556 711 1591 Βεα
749 1554 832 1589 Tam
863 1554 961 1590 Med.
1076 1554 1187 1590 saecla
1221 1564 1317 1589 meae
1347 1557 1495 1600 scripsi.
1534 1555 1606 1590 uita
1636 1565 1731 1589 meae
1766 1553 1810 1588 Ψ

315 1610 387 1645 uite
421 1621 517 1645 meae
555 1610 591 1645 Y
615 1611 687 1645 uite
717 1620 793 1645 mee
822 1610 864 1645 H
896 1610 989 1645 uitae
1019 1620 1115 1645 meae
1145 1610 1176 1645 Z
1209 1619 1307 1658 meae
1346 1610 1416 1658 uitq
1448 1610 1482 1645 B
1510 1620 1606 1645 meae
1636 1611 1728 1645 uitae
1757 1619 1803 1646 εα

314 1670 395 1700 vota
432 1676 527 1700 meae
564 1665 729 1702 Iacobus
764 1665 834 1700 sata
871 1675 967 1700 meae
1003 1666 1061 1701 vel
1096 1676 1174 1700 meo
1204 1665 1385 1701 Heinsius
1421 1666 1511 1700 vitae
1549 1666 1584 1700 in
1613 1676 1668 1700 me
1700 1665 1798 1701 Nae-

313 1721 398 1757 icius
510 1720 608 1756 cordi
637 1721 668 1756 Z
701 1731 779 1756 cum
817 1720 869 1755 dis
901 1720 1073 1767 Scaliger
1109 1720 1215 1755 sortis
1253 1722 1311 1756 vel
1347 1719 1445 1755 cordi
1474 1721 1657 1756 Heinsius
1694 1721 1801 1767 partis

313 1774 396 1822 (om.
426 1775 568 1821 tantam)
589 1776 792 1811 Putsclzius
906 1774 959 1812 80
988 1785 1124 1810 maneas
1146 1775 1188 1810 H
1270 1771 1383 1824 quod]
1416 1780 1462 1815 et,
1485 1776 1552 1810 sed
1578 1776 1648 1811 del.
1672 1776 1703 1812 Z
1732 1786 1759 1823 q,
1777 1785 1815 1812 ε-

395 1832 515 1878 possi3
545 1831 587 1867 H
612 1831 745 1879 possim
776 1831 830 1866 Ζα
931 1830 977 1876 Θ
1011 1830 1103 1866 fenix
1134 1830 1176 1866 H
