1884 3126
274 200 328 241 70
941 217 1082 244 cumx.

383 323 589 374 lucidaque
620 324 790 364 aetherio
820 326 929 376 ponit
959 324 1181 365 discrimina
1213 325 1367 369 mundo,

384 396 449 446 qui
477 396 566 434 iacit
595 396 790 435 Oceanum
822 396 995 435 flammas
1025 397 1064 435 in
1095 402 1303 447 utrumque
1333 409 1503 447 rapaces,
1682 401 1758 438 103

440 477 470 516 Ο
502 478 600 517 bona
631 480 796 529 pastoris
826 479 960 528 (siquis
992 492 1067 517 non
1096 480 1280 529 pauperis
1310 492 1422 518 usum
1708 483 1758 520 58

385 556 514 589 mente
543 551 671 588 minus
701 550 811 588 docta
841 551 1009 589 fastidiat
1040 555 1077 588 et
1107 550 1247 601 probet
1276 550 1352 589 illis

384 622 532 660 somnia
562 621 736 660 luxuriae
766 620 933 672 spretis),
966 623 1161 672 incognita
1191 623 1307 666 curis,
1710 625 1762 662 60

383 704 480 742 quae
510 693 681 732 lacerant
711 693 838 732 avidas
867 693 1024 733 inimico
1055 699 1211 745 pectore
1242 695 1409 733 mentes!

383 765 414 803 si
445 777 522 803 non
551 765 706 815 Assyrio
737 765 884 815 fulgent
914 765 973 803 his
1004 765 1103 804 lauta
1134 765 1265 804 colore

383 835 552 874 Attalicis
572 836 723 887 vopibus
753 836 838 875 data
873 836 1030 881 vellera,
1062 837 1092 875 si
1122 838 1225 876 nitor
1256 839 1340 876 auri

383 907 455 946 sub
486 907 666 958 laqueare
697 907 832 946 domus
861 909 1030 947 animum
1062 921 1138 947 non
1168 910 1273 959 angit
1303 922 1458 948 avarum

385 980 637 1030 picturaeque
667 979 804 1025 decus,
841 979 1009 1030 lapidum
1039 992 1111 1018 nec
1141 981 1269 1031 fulgor
1300 981 1337 1019 in
1368 981 1443 1020 ulla
1712 984 1760 1020 65

385 1052 562 1101 cognitus
592 1050 771 1099 utilitate,
804 1063 960 1090 manum
993 1064 1063 1090 nec
1093 1051 1229 1102 pocula
1261 1052 1412 1091 Graiam

384 1123 537 1163 Alconis
568 1124 741 1161 referunt
770 1123 992 1174 Rhoecique
1026 1130 1217 1168 toreuma,
1251 1136 1321 1163 nec
1351 1124 1434 1163 Indi

385 1194 556 1234 conchea
586 1194 679 1233 baca
709 1195 825 1233 maris
855 1196 980 1245 pretio
1013 1200 1086 1234 est:
1118 1201 1156 1234 at
1185 1201 1344 1246 pectore
1373 1208 1473 1247 puro

383 1279 499 1317 saepe
529 1277 648 1317 super
679 1271 814 1305 tenero
845 1267 1058 1317 prosternit
1087 1267 1262 1316 gramine
1292 1279 1444 1318 corpus,

359 1457 436 1495 102
466 1457 631 1493 aethereo
661 1465 681 1494 ε
712 1456 856 1508 ethereo
885 1459 898 1493 l
928 1457 1073 1494 ethereo
1106 1458 1186 1494 HV
1290 1458 1367 1495 103
1398 1457 1463 1503 Qui
1491 1461 1505 1496 l
1534 1458 1601 1506 (sc.
1634 1461 1759 1496 aethe-

274 1550 356 1584 rius
376 1544 548 1591 mundus)
579 1531 657 1588 Q‘a‘ia
677 1557 723 1580 m.
751 1545 769 1580 1
794 1550 834 1581 ut
855 1547 937 1590 vid„
970 1545 1044 1589 Qua
1065 1558 1109 1581 m.
1129 1557 1207 1582 rec.
1225 1547 1259 1581 B
1289 1545 1362 1590 Qua
1387 1546 1473 1593 Ψψ,
1496 1548 1659 1585 Bembus
1678 1549 1762 1584 Cum

276 1603 447 1638 Enume
490 1610 679 1636 occeanum
707 1601 902 1636 Voceanus
920 1601 1042 1638 BCEe
1098 1611 1276 1649 capacese
1334 1601 1523 1650 588iquie
1582 1603 1763 1640 591ninus

275 1659 455 1694 Heinsius
493 1656 590 1703 prius
621 1655 694 1691 Ωω
780 1655 905 1702 probat
935 1657 977 1692 H
1011 1669 1056 1692 m.
1091 1657 1108 1691 1
1198 1656 1247 1692 illi
1276 1659 1289 1693 l
1325 1657 1383 1692 illa
1414 1659 1444 1693 G
1549 1659 1600 1696 60
1630 1660 1762 1695 somnia

273 1715 465 1758 Hauptius
496 1711 615 1746 Omnia
633 1710 706 1746 ,Ωω
737 1722 879 1746 munera
903 1711 1066 1758 Silliyius
1123 1712 1262 1759 luxorie
1292 1712 1368 1748 ΒΥ
1404 1713 1540 1749 luxoria
1569 1714 1604 1749 P
1662 1725 1762 1761 spre-

241 1773 244 1777 '
276 1770 319 1804 tis
350 1769 411 1812 Kl,
445 1768 543 1813 quod
572 1777 699 1802 verum
729 1776 811 1801 esse
839 1768 1026 1802 intellexit
1057 1767 1234 1814 Silliyius.
1279 1765 1364 1814 sptis
1406 1769 1436 1803 V
1462 1769 1587 1815 preciis
1627 1770 1662 1805 Y
1684 1780 1763 1816 pre-

276 1825 332 1859 tiis
366 1820 441 1867 Ψψ
473 1822 653 1866 Bembus,
692 1823 765 1856 nisi
799 1823 898 1868 quod
925 1822 1041 1868 prauis
1072 1827 1209 1858 extare
1239 1825 1276 1858 in
1307 1827 1432 1858 vetere
1461 1826 1624 1869 quadam
1653 1835 1760 1859 mem-

276 1880 415 1922 brana,
455 1875 515 1912 ‘in
545 1888 620 1923 qua
645 1878 816 1922 paucula
847 1887 897 1913 ex
925 1878 999 1912 hac
1029 1878 1256 1924 digressione
1287 1883 1472 1924 eoecerptcc
1504 1879 1636 1915 crant’
1667 1879 1759 1914 Sca-

275 1936 370 1981 liyer
413 1937 570 1968 narrat:
618 1932 797 1967 Parisino
843 1937 1028 1978 excerpta
1072 1933 1161 1968 dicit
1195 1933 1399 1978 Hauptius.
1491 1930 1603 1982 curis]
1649 1935 1761 1969 uitans

276 1989 494 2025 membrana
529 1987 675 2022 Pithoei
787 1987 834 2022 61
868 1988 1024 2027 mimico,
1063 1999 1164 2023 corr.
1202 2000 1247 2023 m.
1287 1998 1364 2023 rec.
1398 1988 1432 2022 B
1545 1988 1595 2025 62
1627 1988 1694 2024 Sed
1734 1990 1762 2024 G

359 2043 482 2078 assirio
514 2042 579 2077 BC
591 2042 662 2077 VY
692 2043 796 2077 asirio
828 2043 870 2078 H
901 2043 1043 2078 assirios
1075 2043 1112 2078 Ε
1193 2043 1333 2091 fulgent
1364 2043 1605 2080 Schraderus
1635 2044 1763 2079 suerint

278 2098 350 2134 ,Ωω
434 2093 507 2146 bis]
541 2098 596 2132 hic
626 2097 655 2132 G
686 2097 738 2132 his
769 2107 789 2135 ε
846 2098 948 2137 lauta,
981 2109 1179 2144 suprascr.
1211 2099 1226 2132 i
1254 2098 1326 2133 lota
1358 2098 1386 2134 C
1474 2099 1524 2135 63
1556 2099 1695 2134 Atalicis
1726 2099 1766 2134 Η

277 2153 425 2189 Atalacis
469 2153 498 2188 V
589 2151 639 2188 64
670 2152 795 2188 (lomus
827 2154 901 2188 GH
926 2152 1050 2188 domos
1084 2152 1159 2199 Ψψ
1244 2153 1341 2200 augit
1378 2153 1409 2188 P
1436 2155 1550 2201 tangit
1581 2154 1621 2195 G,
1654 2155 1762 2189 Bem-

277 2210 345 2246 bus
432 2207 482 2244 65
512 2208 652 2243 Picture
689 2208 724 2243 Y
774 2208 899 2255 lapidis
931 2209 960 2244 G
1017 2215 1063 2243 no
1105 2209 1135 2244 V
1188 2208 1289 2256 fulgo
1327 2208 1362 2244 Y
1411 2208 1469 2243 illa
1491 2210 1562 2245 GV
1589 2220 1635 2244 m.
1659 2210 1678 2243 1

278 2265 329 2302 66
361 2274 481 2299 manus
512 2265 568 2299 vel
597 2273 733 2298 manum
765 2264 957 2309 Haupcius
987 2265 1111 2300 relati.
1142 2265 1252 2300 acad.
1287 2264 1412 2299 Berol.
1443 2265 1468 2299 l.
1497 2266 1521 2299 Ζ.
1555 2268 1669 2298 manet
1690 2261 1763 2298 52oe
1799 2269 1802 2271 ’

277 2324 394 2355 movet
424 2319 666 2354 Schraderus
750 2318 885 2354 Graiam
923 2321 978 2355 vel
1008 2319 1084 2354 Grai
1115 2320 1307 2365 Hauptius
1336 2323 1434 2366 grata
1465 2319 1588 2355 GHKI
1625 2322 1763 2366 gratum

282 2373 356 2419 Ψψ
393 2375 556 2410 Bembus
593 2373 730 2409 Graium
768 2375 965 2419 Heinsius,
1007 2375 1260 2410 Marklundus
1296 2375 1346 2409 ad
1383 2373 1493 2409 Statii
1525 2375 1604 2410 silv.
1640 2385 1678 2420 p.
1710 2373 1760 2409 92

363 2430 412 2466 67
444 2429 611 2464 Alconem
651 2429 681 2465 G
774 2429 932 2465 referunt
970 2430 999 2465 G
1036 2429 1191 2465 reserent
1233 2427 1308 2474 Ψψ
1345 2428 1476 2464 reseret
1523 2430 1554 2464 V
1586 2428 1716 2464 reseret
1751 2430 1763 2464 2

360 2484 489 2520 Rlioeci
518 2485 786 2520 Lachmanmcs
805 2485 919 2520 Lacr.
941 2496 981 2530 p.
1007 2484 1084 2520 136
1115 2485 1206 2520 coeti
1230 2486 1264 2519 B
1292 2483 1387 2519 boeti
1409 2483 1580 2528 CPYlea,
1605 2485 1764 2521 Bembus

279 2540 372 2575 boeti
394 2543 469 2576 sive
489 2539 584 2574 boeti
613 2540 643 2575 V
660 2539 780 2574 boethi
801 2546 834 2584 ψ
882 2539 953 2575 heti
974 2540 1016 2575 H
1056 2539 1198 2575 doctum
1220 2540 1249 2575 G
1313 2549 1381 2586 que
1402 2551 1470 2575 om.
1495 2539 1525 2575 G
1583 2539 1632 2575 68
1657 2539 1764 2575 Ornat

281 2597 310 2631 G
386 2594 494 2641 bacha
533 2595 562 2630 G
604 2594 711 2630 bacha
749 2595 819 2630 CH
830 2595 859 2630 V
866 2595 911 2630 Vl
1000 2595 1114 2642 pretio
1159 2600 1213 2630 est
1249 2599 1282 2630 at
1318 2594 1434 2630 BVloc
1481 2595 1639 2630 Bembus
1685 2605 1762 2642 pre-

280 2651 328 2686 tio
359 2649 490 2697 (precio
529 2648 578 2696 Y)
609 2654 662 2685 est
692 2662 710 2685 a
739 2644 938 2686 ΑΟΕΗῩΕ
967 2650 1082 2697 pretio
1113 2654 1167 2685 est
1197 2654 1233 2685 et
1252 2650 1287 2685 P
1313 2660 1378 2685 nec
1406 2648 1531 2697 flagrat
1562 2649 1591 2685 G
1620 2654 1761 2696 praesto

1470 2706 1474 2709 .
1664 2701 1680 2722 l.

279 2743 352 2778 est,
383 2743 417 2773 at
448 2739 628 2774 Heinsius
657 2738 828 2786 flagrans,
860 2743 894 2773 at
925 2738 1089 2785 Silliyius
1171 2735 1256 2783 ῇιιο,
1297 2748 1397 2774 corr.
1429 2749 1475 2772 m.
1508 2747 1586 2773 rec.
1618 2748 1694 2784 puo
1725 2739 1766 2773 H

364 2793 414 2830 69
445 2792 536 2840 Sepe
573 2793 609 2829 Y
676 2792 912 2840 procumbunt
941 2803 960 2830 ε
1044 2793 1200 2841 gramine
1229 2791 1423 2839 (punctum
1452 2804 1497 2827 m.
1530 2791 1699 2839 antiqua)
1732 2793 1763 2828 B

275 2849 394 2900 §mine
435 2848 466 2884 V
491 2848 647 2896 gramina
675 2849 717 2885 H
743 2861 790 2885 m.
823 2849 843 2884 1
875 2852 967 2886 teste
1008 2849 1145 2893 Vossio,
1177 2849 1244 2884 sed
1272 2849 1389 2884 tacuit
1418 2848 1663 2884 Froeknerus
