1884 3126
746 192 868 220 enus.
1490 175 1568 217 121

166 308 325 360 profeci)
360 310 534 345 extrema
566 306 740 345 moriens
772 309 902 344 tamen
933 302 1111 354 alloquor
1142 303 1251 342 liora.

167 394 233 420 vos
265 394 357 432 ego,
392 393 457 419 vos
487 379 604 424 adeo,
639 379 761 424 venti,
794 376 984 422 testabor,
1017 382 1056 416 et
1086 388 1218 421 aurae,

166 467 251 499 vos,
285 453 499 494 Pandionia
531 454 635 504 siqui
666 452 714 491 de
744 457 861 503 gente
893 451 1043 496 venitis,

166 528 346 567 cernitis:
378 526 444 566 illa
476 539 549 578 ego
580 539 666 566 sum
697 530 863 577 cognato
893 525 1083 576 sanguine
1116 523 1224 565 vobis

166 600 291 654 Scylla
326 600 444 652 (quod
476 613 498 640 o
528 599 631 640 salva
661 599 775 639 liceat
808 605 844 638 te
876 598 1010 638 dicere
1041 598 1227 647 Procne);
1492 598 1576 636 410

166 673 228 714 iila
261 686 333 725 ego
364 686 450 714 sum
483 672 779 733 Nisi'pollentis
809 671 885 712 filia
917 671 1127 724 quondam,

167 749 348 788 certatim
378 761 425 787 ex
456 748 563 787 omni
593 747 705 799 petiit
734 758 852 799 quam
883 746 1043 786 Graecia
1075 756 1212 796 regno,

166 835 242 875 qua
272 834 413 861 curvus
444 827 568 861 terras
598 820 849 873 amplectitur
880 819 1181 871 Hellespontus;

167 895 232 935 illa
265 908 337 947 ego
367 907 475 939 sum,
507 894 653 939 Minos,
686 899 839 934 sacrato
871 893 1031 933 foedere
1062 894 1237 932 coniunx
1491 945 1495 947 ‚

169 969 268 1008 dicta
301 968 389 1008 tibi:
422 973 552 1007 tamen
583 967 700 1014 haec,
732 968 806 1007 etsi
836 979 915 1006 non
946 967 1110 1019 aspicis,
1143 966 1265 1005 audis.
1496 966 1576 1003 415

169 1043 347 1082 vinctane
378 1047 454 1081 tam
486 1042 617 1092 magni
647 1040 812 1081 tranabo
843 1041 1010 1092 gurgitis
1042 1039 1191 1079 undas?

171 1117 296 1155 vincta
326 1120 384 1154 tot
413 1115 589 1155 assiduas
618 1113 800 1167 pendebo
831 1125 879 1154 ex
910 1113 1048 1153 ordine
1078 1113 1212 1154 luces?

173 1202 249 1229 non
281 1188 463 1240 equidem
495 1201 557 1228 me
588 1188 663 1227 alio
694 1200 854 1240 possum
885 1187 1128 1227 contendere
1159 1187 1319 1238 dignam

170 1263 380 1315 supplicio,
413 1262 515 1314 quod
546 1263 603 1302 sic
632 1264 799 1314 patriam
830 1273 1022 1313 carosque
1051 1266 1214 1313 penates

172 1336 348 1376 hostibus
378 1336 584 1388 inmitique
614 1334 746 1374 addixi
775 1336 928 1386 ingrata
961 1340 1138 1386 tyranno.
1498 1335 1581 1372 420

171 1421 303 1448 verum
335 1410 476 1454 istaec,
509 1408 653 1454 Minos,
689 1407 778 1447 illos
807 1407 998 1448 scelerata
1029 1409 1172 1460 putavi,

171 1484 203 1522 si
234 1486 366 1522 nostra
395 1487 485 1522 ante
515 1482 658 1533 aliquis
689 1481 876 1521 nudasset
906 1481 1065 1521 foedera
1097 1493 1223 1526 casus

172 1558 363 1602 facturos,
397 1568 566 1607 quorum
597 1555 763 1607 direptis
794 1554 1003 1594 moenibus
1035 1554 1143 1594 urbis

173 1644 195 1668 0
226 1641 298 1680 ego
330 1629 500 1668 crudelis
529 1628 684 1668 flamma
716 1627 879 1668 delubra
910 1615 1051 1680 petivi;

171 1708 209 1742 te
241 1715 332 1742 vero
364 1704 509 1742 victore
538 1703 646 1754 prius
677 1701 735 1741 vel
766 1702 897 1741 sidera
928 1714 1070 1741 cursus
1499 1702 1581 1740 425

126 1783 134 1790 ·
170 1782 364 1816 mutatura
394 1789 486 1816 suos
517 1788 632 1829 quam
664 1781 702 1815 te
732 1776 829 1815 mihi
858 1776 950 1815 talia
979 1781 1117 1828 captae

171 1851 366 1890 facturum
396 1851 530 1890 metui.
588 1850 666 1889 iam
696 1850 772 1888 iam
802 1849 933 1889 scelus
963 1850 1093 1889 omnia
1126 1849 1254 1888 vincit.

62 2003 119 2020 ==
148 1990 218 2025 ecl.
249 1988 322 2024 vlll
354 1988 404 2025 19
436 2000 492 2036 sq.
613 1999 744 2036 queros
774 1989 810 2025 R
954 1987 1035 2026 408
1069 1988 1152 2028 Vos,
1184 1987 1375 2023 Pandionia
1409 1988 1584 2034 Heym‘us

64 2045 134 2081 Uos
165 2056 186 2081 o
218 2045 419 2081 numantina
458 2045 557 2082 ΗΒΕ
594 2044 710 2092 Vosq:
749 2044 961 2080 Numantina
998 2045 1029 2080 L
1066 2044 1136 2080 Vos
1168 2044 1373 2079 numantina
1403 2057 1428 2079 α
1469 2055 1531 2080 vos
1563 2055 1584 2079 o

65 2101 236 2137 Mantinea
274 2101 430 2138 Loensis
466 2112 529 2137 vos
568 2101 738 2137 matutina
778 2101 953 2149 Scaliyer
988 2111 1052 2136 vos
1091 2099 1274 2147 Orithyiae
1305 2101 1585 2148 Hertzberyius

149 2158 178 2193 si
209 2156 293 2205 quid
326 2157 432 2193 Hm.
459 2158 477 2193 1
594 2156 675 2195 409
707 2156 810 2193 nobis
842 2158 885 2194 H
995 2156 1079 2194 410
1109 2155 1205 2203 Sylla
1226 2156 1261 2192 R
1350 2156 1434 2192 licet
1464 2156 1509 2191 H

66 2213 127 2250 tibi
158 2214 210 2251 Le
240 2213 324 2250 mihi
356 2213 531 2262 Scaliyer
644 2224 784 2261 progne
815 2214 941 2250 HRea
978 2213 1139 2260 procliue
1169 2212 1199 2248 L
1341 2211 1420 2248 411
1454 2212 1516 2248 Ille
1548 2213 1589 2249 H

65 2282 111 2306 m.
145 2269 165 2305 1
208 2269 325 2317 Scylla
364 2270 416 2307 Le
543 2269 624 2305 412
656 2267 799 2305 Certafn
844 2268 1061 2315 (suprascr.
1104 2281 1151 2304 m.
1193 2279 1273 2304 rec.
1317 2268 1393 2313 tim)
1434 2269 1478 2304 H

67 2325 149 2362 413
180 2324 253 2368 Qua
281 2326 360 2363 Lea
389 2324 501 2369 Quam
530 2327 607 2362 HR
727 2330 840 2361 terras
868 2325 948 2362 Lea
978 2336 998 2360 e
1029 2325 1133 2360 terris
1163 2325 1205 2360 H
1233 2325 1338 2361 terris
1367 2325 1403 2361 R
1490 2337 1587 2362 com-

69 2381 237 2429 plectitur
273 2381 303 2416 L
459 2381 541 2416 414
571 2381 685 2416 Minus
729 2380 925 2429 (yenetivo)
967 2381 1127 2417 Loensis
1268 2382 1395 2417 coniux
1434 2382 1477 2418 H

69 2436 150 2473 415
182 2436 272 2472 facta
301 2436 332 2472 L
362 2435 445 2472 Data
475 2445 495 2474 ε
582 2437 650 2472 hoe
681 2437 711 2472 L
797 2438 922 2485 aspicis
954 2437 1139 2474 Heinsius
1168 2438 1297 2485 accipis
1329 2437 1489 2476 HLReoc

70 2492 331 2540 ‘iffi-vietam
363 2492 397 2528 R
487 2492 644 2539 trainaho
676 2493 718 2529 H
746 2493 917 2529 trannabo
949 2494 984 2530 R
1071 2494 1217 2542 gurgite
1249 2503 1269 2532 ε
1384 2494 1466 2531 419
1498 2500 1587 2542 quot

70 2549 111 2585 H
155 2548 228 2598 (ᾖς,
251 2548 282 2584 L
313 2546 400 2599 sl'q’
435 2547 486 2595 (h.
516 2559 549 2585 e.
582 2560 685 2596 quam
717 2549 801 2597 que)
831 2559 851 2587 ε
946 2550 992 2585 sit
1022 2550 1066 2586 H
1183 2549 1267 2587 420
1295 2550 1437 2586 immitti
1469 2550 1510 2586 H

70 2604 162 2640 adixi
193 2605 236 2640 H
262 2604 367 2640 aduxi
396 2605 431 2641 R
545 2606 684 2653 ingrata
715 2607 773 2642 vel
800 2607 929 2654 ignava
958 2606 1142 2643 Heinsius
1170 2608 1294 2654 ignara
1324 2606 1484 2645 HLReoc

69 2660 149 2697 421
182 2661 290 2696 istaec
323 2661 568 2698 Schrader-us
598 2661 721 2698 esthec
751 2662 850 2700 ΗΒΕ
881 2667 973 2698 esto.
1005 2663 1091 2699 haec
1120 2675 1145 2698 α
1175 2668 1230 2698 est
1259 2662 1329 2698 hoc
1358 2663 1390 2698 L
1504 2664 1586 2700 illos

71 2716 150 2754 Lea
179 2716 243 2753 illo
274 2717 350 2752 HR
465 2716 546 2753 422
578 2714 716 2765 aliquid
742 2719 785 2754 H
867 2718 1062 2755 nudassent
1093 2719 1136 2755 H
1245 2717 1328 2755 423
1359 2719 1516 2768 dereptis
1548 2721 1591 2757 H

155 2771 237 2808 424
267 2770 407 2809 [lamam
437 2773 489 2811 Le
604 2773 685 2809 425
718 2770 821 2824 vero]
854 2785 950 2822 non,
982 2785 1186 2820 suprascr.
1207 2787 1254 2811 m.
1277 2785 1358 2812 rec.
1389 2773 1435 2813 νό
1468 2777 1507 2813 H

72 2827 199 2876 sydera
214 2828 308 2864 LRa
422 2828 504 2867 426
536 2830 620 2866 mihi
651 2841 720 2867 om.
752 2830 787 2867 R
902 2829 982 2868 427
1016 2830 1205 2868 Facturum
1226 2831 1306 2871 Lea
1337 2831 1527 2870 Factorum
1548 2834 1591 2871 H

72 2879 270 2921 Fator‘fitR
356 2886 442 2922 uicit
470 2886 513 2923 H
