1884 3126
493 508 1117 564 PROLEGOMENON

684 635 862 684 CAPUT
898 634 938 682 I.

89 760 167 814 De
217 760 589 832 opusculorum
639 777 772 832 quae
820 762 1060 815 feruntur
1110 759 1530 831 Vergilianorum

448 850 610 906 titulis
650 851 949 907 auctoribus
990 854 1170 905 aetate.

163 1099 325 1139 Praeter
356 1098 536 1139 bucolica
566 1100 748 1150 georgica
770 1099 983 1139 Aeneidem
1005 1099 1195 1139 Suetonio
1217 1103 1377 1138 auctore
1400 1098 1573 1137 Donatus

53 1165 164 1218 1158
186 1167 231 1207 R.
264 1173 472 1219 postquam
504 1166 661 1206 distichi
692 1159 732 1206 in
762 1166 931 1206 Balistae
962 1168 1194 1206 memoriam
1224 1167 1431 1219 compositi
1464 1178 1573 1205 men-

53 1236 199 1274 tionem
231 1235 324 1274 l'ecit
355 1234 452 1273 haec
483 1234 530 1273 ad
553 1235 725 1274 Maronis
755 1246 900 1274 nomen
930 1234 1052 1274 relata
1076 1240 1382 1273 commemorat:
1414 1235 1576 1274 ‘deinde

51 1304 279 1342 catalecton
318 1307 356 1341 et
386 1304 557 1352 priapia
594 1307 633 1341 et
661 1304 954 1352 epiyrammata
983 1308 1021 1342 et
1050 1303 1182 1347 diras,
1221 1305 1313 1342 item
1350 1300 1506 1353 cirim¹)
1538 1306 1576 1340 et

52 1371 229 1420 culicem,
260 1381 349 1409 cum
378 1374 479 1410 esset
508 1382 705 1410 annorum
735 1371 779 1409 X
787 1368 884 1422 V12)
909 1400 919 1408 .
943 1402 951 1410 .
977 1400 986 1408 .
1012 1401 1020 1408 .
1050 1372 1211 1420 scripsit
1240 1372 1359 1409 etiam
1394 1368 1464 1423 [de
1493 1380 1576 1419 qua

53 1434 287 1492 ambiqitur]
302 1435 331 1489 3)
364 1440 544 1478 Aetnam.
603 1450 698 1478 mox
726 1450 816 1478 cum
845 1449 911 1477 res
939 1438 1147 1478 Romanas
1175 1438 1412 1486 inchoasset,
1446 1439 1573 1487 offen-

53 1518 117 1545 sus
146 1508 318 1545 materia
349 1507 406 1544 ad
433 1507 615 1546 bucolica
645 1507 830 1545 transiit'
864 1518 896 1544 e.
931 1517 968 1556 q.
1003 1518 1033 1545 s.
1087 1506 1198 1556 quasi
1226 1505 1291 1544 illa
1323 1505 1454 1544 omnia
1483 1509 1574 1544 ante

56 1573 230 1629 bucolica
267 1574 412 1625 scripta
453 1578 597 1612 essent.
658 1574 698 1611 in
736 1573 877 1625 quibus
914 1586 1002 1613 cum
1034 1561 1233 1613 Morelum
1272 1572 1388 1625 (quod
1421 1574 1460 1611 in
1491 1571 1573 1612 vul-

55 1647 144 1691 gato
175 1647 282 1680 textu
313 1641 502 1680 insertum
534 1640 604 1692 est)
638 1645 676 1679 et
707 1642 817 1691 Copa
848 1641 1138 1686 desiderentur,
1173 1640 1274 1680 hanc
1304 1640 1453 1680 addidit
1483 1640 1574 1679 Ser—

55 1710 139 1748 vius
169 1709 235 1760 qui
264 1709 304 1747 in
342 1700 635 1759 prolegomenis
666 1707 714 1747 ad
744 1709 917 1748 Aeneida
954 1708 1052 1748 haec
1082 1708 1220 1754 habet,
1259 1709 1353 1748 item
1387 1707 1504 1758 elogii
1535 1709 1575 1747 in

56 1776 241 1815 Balistam
279 1776 369 1814 sacti
407 1777 621 1814 memoriae
660 1775 864 1815 adiuncta:
907 1778 1095 1826 ‘scripsit
1131 1778 1250 1816 etiam
1279 1780 1426 1826 septem
1457 1773 1574 1826 sit‘64)

55 1850 144 1884 octo
172 1845 296 1883 libros
324 1844 417 1883 Itos:
447 1845 553 1883 cirin
585 1843 754 1883 Aetnam
784 1845 951 1884 culicem
977 1846 1170 1895 priapeia
1198 1843 1462 1895 catalecton-³)
1494 1845 1576 1893 epi-

53 1916 286 1961 qrammata
306 1922 450 1961 copam
471 1913 622 1963 diras‚'
646 1917 687 1951 ut
707 1911 812 1962 quod
834 1911 1063 1963 ambiguum
1085 1913 1214 1964 posuit
1235 1923 1447 1951 numerum
1469 1909 1575 1950 illam

57 1979 104 2018 de
141 1981 288 2018 Aetnae
332 1982 492 2017 auctore
538 1978 823 2018 dubitationem
869 1985 1050 2031 spectare
1094 1979 1294 2024 videatur,
1340 1991 1575 2030 quamquam

56 2048 200 2086 ‘Aetna
239 2046 430 2094 P'eryilii'
462 2046 503 2084 in
533 2047 819 2085 commentario
849 2046 896 2085 ad
927 2049 1024 2086 Aen.
1056 2046 1107 2086 III
1135 2044 1217 2086 571
1250 2045 1442 2085 laudatur.

170 2113 334 2165 Corpori
362 2112 531 2152 vcuidam
562 2114 782 2152 carminum
813 2126 911 2166 quae
942 2113 1114 2164 Vergilio
1145 2112 1422 2153 tribuebantur
1453 2114 1575 2152 mino-

59 2194 143 2221 rum
176 2182 415 2232 epigramma
446 2180 538 2219 olim
570 2181 805 2232 inscriptum
827 2183 912 2225 suit,
936 2180 1039 2232 quod
1063 2182 1103 2218 in
1125 2180 1343 2219 catalecton
1364 2180 1441 2219 fine
1461 2193 1576 2232 prae-

59 2248 153 2288 bent
183 2261 230 2287 ex
261 2247 372 2287 libris
404 2249 500 2286 meis
521 2247 791 2287 Bruxellensis
814 2247 891 2299 (B),
924 2246 1249 2286 Helmstadiensis
1271 2246 1350 2298 (H),
1382 2246 1576 2298 Rehdige-

60 2328 180 2355 ranus
212 2315 288 2366 (R),
322 2315 533 2353 Vossianus
566 2315 637 2364 (Z),
670 2314 922 2352 Burmannus
952 2319 1082 2353 autem
1115 2315 1155 2352 in
1188 2313 1334 2353 anthol.
1366 2314 1449 2353 Lat.
1474 2314 1506 2353 II
1536 2327 1573 2353 n.

61 2381 263 2421 CLXXXII
285 2380 475 2424 exhibuit,
498 2380 573 2418 hoc
604 2380 665 2432 (cs.
685 2380 858 2431 Ileynius
886 2381 926 2419 in
950 2380 1009 2419 ed.
1031 2382 1145 2432 Verg.
1173 2380 1244 2423 vol.
1262 2382 1278 2420 I
1298 2394 1336 2433 p.
1355 2381 1577 2421 LXXXVIII

61 2449 207 2492 adnot„
239 2446 409 2486 Naekius
437 2447 478 2485 in
510 2446 655 2486 Catone
684 2459 722 2498 p.
752 2444 866 2498 223):

155 2579 180 2624 ¹)
207 2581 355 2613 citimus
378 2579 710 2623 Bern.P2·t}1.²)
735 2581 800 2613 XV
826 2581 974 2624 SanyaII.
1058 2581 1085 2623 ³)
1111 2582 1156 2615 de
1182 2593 1254 2625 qua
1279 2583 1476 2626 ambigitur
1497 2589 1578 2626 post

66 2637 236 2672 aethnam
260 2637 380 2678 Ber-n,
405 2648 466 2672 om.
492 2636 575 2678 (cnm
606 2638 717 2669 etiam
741 2638 914 2679 vocabulo)
940 2639 1102 2681 SanquIL,
1128 2641 1221 2671 uncis
1247 2641 1379 2672 inclusit
1404 2641 1576 2682 Hayemts.

63 2693 92 2738 ⁴)
116 2697 241 2735 septem
280 2695 350 2726 siue
391 2696 519 2726 extant
560 2694 598 2725 in
643 2693 777 2726 Naekii
822 2694 916 2735 (Cat
955 2706 987 2737 p.
1026 2694 1107 2737 222)
1144 2695 1358 2737 Augustano
1401 2699 1438 2728 et
1474 2696 1576 2728 Leid.

66 2763 93 2804 ‘·)
117 2773 158 2794 ca
160 2738 304 2803 ωΙεῑὶἷίοη
328 2761 446 2795 Paris.
471 2764 564 2793 teste
590 2760 743 2793 'Philone

160 2821 1304 2859 n1nnncx,vssnc11,.1v.1
