1884 3126
782 138 931 173 cunm.
1244 193 1249 196 .
1568 124 1622 166 81

214 260 312 306 heu,
345 259 435 312 quid
468 258 516 298 ab
548 259 676 298 officio
708 257 884 309 digressa
915 260 975 294 est
1004 255 1145 306 gratia,
1180 266 1297 306 quom
1329 258 1367 291 tc

215 334 372 374 restitui
404 333 558 385 superis
588 331 656 371 leti
685 332 763 370 iam
794 330 930 370 limine
959 328 1009 368 ab
1038 328 1151 380 ipso?

213 408 389 460 praemia
421 411 512 446 sunt
541 406 698 458 pietatis
729 403 808 450 ubi,
841 403 1001 455 pietatis
1027 400 1227 441 honores?
1321 454 1325 455 ⁷
1545 400 1626 438 225

212 483 253 520 in
282 492 400 520 vanas
431 479 565 520 abiere
598 480 703 518 vices
734 482 774 517 et
803 489 896 516 rure
925 476 1093 515 recessit

211 555 356 594 iustitia
389 558 427 593 et
455 553 565 605 prior
594 551 660 592 illa
689 551 799 591 fides.
858 550 1046 589 instantia
1075 549 1151 587 vici

214 627 395 672 alterius,
429 627 513 666 sine
542 630 729 677 respectu
759 636 846 663 mea
876 624 954 662 fata
986 621 1218 674 relinquens

215 701 263 741 ad
293 699 438 752 pariles
467 711 563 751 agor
595 697 852 738 eventusz·fit
879 708 1007 749 poena
1038 695 1220 735 merenti.

213 786 341 826 poena
372 773 422 812 sit
453 773 632 812 exitium:
666 770 782 810 modo
813 771 864 810 sit
893 770 986 810 dum
1018 774 1128 821 grata
1161 767 1351 813 voluntas,
1546 767 1628 806 230

216 848 356 886 existat
383 857 455 898 par
484 845 669 884 officium.
730 844 839 884 seror
869 844 953 883 avia
985 854 1164 895 carpens,

215 921 299 959 avia
330 919 562 959 Cimmerios
591 919 695 957 inter
726 917 912 957 distantia
942 916 1066 962 lucos,

217 1005 333 1044 quem
364 993 470 1032 circa
507 993 638 1031 tristes
669 991 887 1030 densentur
917 991 958 1029 in
990 989 1103 1029 obvia
1133 1000 1299 1040 poenae.

219 1079 308 1106 nam
339 1066 493 1105 vinctus
524 1065 636 1104 sedet
665 1065 849 1104 immanis
880 1062 1133 1116 serpentibus
1164 1061 1273 1106 Otos,

218 1140 442 1179 devinctum
471 1143 645 1178 maestus
674 1136 815 1190 procul
846 1137 1042 1190 aspiciens
1071 1134 1294 1187 Ephialten,
1471 1180 1475 1185 ⁵
1548 1135 1629 1173 235

218 1213 348 1252 conati
379 1211 576 1264 quondam
609 1222 727 1262 quom
758 1212 837 1250 sint
865 1209 1093 1250 rescindere
1124 1207 1336 1252 mundum;

221 1292 259 1325 et
288 1285 442 1337 Tityos,
474 1284 633 1334 Latona,
667 1289 757 1324 tuae
787 1295 940 1323 memor
970 1283 1109 1322 anxius
1139 1282 1223 1321 irae

192 1465 272 1502 223
304 1466 395 1508 Heu,
417 1480 465 1504 m.
490 1478 570 1504 rec.
595 1479 698 1504 corr.
730 1466 808 1503 Neu
829 1467 872 1503 H
955 1466 1068 1513 gratia
1100 1476 1208 1513 quom
1230 1469 1266 1500 te
1299 1465 1329 1501 V
1347 1475 1427 1500 cum
1460 1469 1494 1500 te
1515 1464 1629 1512 gratia

105 1522 141 1560 P
168 1522 283 1570 gratia
312 1534 392 1559 cum
422 1529 459 1559 te
494 1522 568 1559 Ψω
682 1522 763 1559 224
795 1522 883 1558 loeti
915 1522 944 1558 C
971 1522 1038 1557 loti
1067 1523 1079 1558 ἰ
1166 1521 1314 1561 lumine,
1347 1532 1450 1557 corr.
1476 1533 1524 1557 m.
1548 1526 1627 1557 ant.

106 1578 228 1614 limine
260 1580 297 1615 B
331 1579 466 1616 lumine
497 1580 581 1616 EPI
667 1591 774 1627 apso,
821 1590 924 1616 corr.
958 1591 1004 1615 m.
1037 1579 1167 1615 eadem
1198 1582 1239 1614 ut
1269 1579 1341 1615 vid.
1370 1578 1450 1626 ipso
1481 1578 1518 1614 B

108 1633 189 1670 225
219 1635 353 1682 pietate
381 1637 395 1672 l
512 1635 592 1673 226
623 1637 739 1671 uarias
768 1637 781 1672 l
868 1634 1012 1671 habiere
1050 1634 1087 1670 Y
1111 1633 1206 1670 abire
1235 1636 1260 1680 l,
1293 1634 1461 1671 Bembus
1546 1645 1631 1670 rure

108 1699 167 1736 εα,
200 1691 367 1728 Bembus
396 1693 474 1728 iure
504 1690 591 1728 ΕΨ
615 1693 690 1728 uita
731 1693 763 1729 V
868 1690 947 1728 227
978 1692 1114 1727 iustitia
1145 1696 1181 1727 et
1212 1691 1461 1727 Schraderus
1490 1690 1630 1727 Iustitie

120 1747 163 1784 Vl
191 1746 333 1783 iusticie
363 1749 407 1784 H
432 1747 574 1798 Iusticig
613 1749 651 1785 Y
673 1747 834 1784 Iustitiae
868 1746 953 1794 Ψω,
986 1748 1155 1784 Bembus
1242 1748 1309 1784 vici
1340 1748 1527 1784 Heinsius
1556 1746 1631 1783 uidi

108 1801 184 1838 ,Ωω
261 1802 340 1840 228
371 1803 465 1840 sacta
495 1805 538 1840 H
621 1803 701 1841 229
733 1805 780 1840 sit
809 1817 834 1839 α
923 1803 1144 1842 230-306
1176 1815 1245 1841 om.
1280 1803 1311 1848 Q
1403 1803 1486 1841 230
1514 1814 1631 1852 poena

107 1859 153 1895 sit
183 1868 230 1897 εα
261 1859 314 1896 Sit
342 1871 460 1908 poena
488 1862 503 1897 l
539 1860 658 1897 Poena
687 1859 728 1896 fit
761 1860 854 1907 Ψω,
887 1861 1055 1898 Bembus
1141 1861 1275 1897 exitum
1304 1861 1340 1896 P
1423 1860 1532 1897 modo
1562 1856 1628 1909 sit]

108 1930 144 1986 ιῗι
172 1948 212 1986 fit
252 1951 284 1987 V
313 1950 426 1998 modo*
450 1951 498 1998 sit
527 1951 570 1987 H
652 1947 755 2000 dum]
788 1956 850 1987 tua
879 1952 1160 1999 Hertzberyz’us
1245 1951 1450 1999 uolumptas
1489 1951 1520 1988 Y

109 2039 188 2077 231
221 2051 285 2088 per
315 2050 336 2078 ε
414 2039 533 2076 officio
563 2041 578 2076 l
653 2019 721 2077 auia
755 2040 872 2089 (corr.
904 2054 952 2091 m.
985 2040 1081 2088 rec.)
1112 2042 1148 2077 B
1264 2041 1344 2078 232
1377 2041 1472 2077 Arua
1499 2043 1512 2078 l
1543 2023 1632 2085 Quia

111 2097 153 2132 H
170 2109 217 2133 m.
244 2097 265 2132 1
325 2098 539 2133 cummerios
569 2097 719 2134 AEPY
743 2109 821 2135 cum
852 2099 985 2134 merios
1016 2099 1053 2134 B
1083 2109 1163 2134 cum
1189 2098 1363 2134 'inmerios
1396 2098 1426 2134 C
1452 2098 1631 2134 cumerios

531 2151 576 2178 chi

110 2196 130 2224 ε
160 2183 326 2223 ουῐηθῖοε
369 2188 400 2224 V
433 2197 514 2238 culn
555 2189 687 2226 merios
725 2186 943 2236 (suprascr.
983 2201 1030 2224 m.
1063 2186 1160 2235 rec.)
1191 2189 1235 2224 H
1262 2188 1475 2236 chymereos
1505 2190 1519 2224 l

110 2243 275 2280 ducentia
313 2244 574 2292 Wakefieldus
694 2233 774 2282 2333
808 2245 930 2280 tristes
960 2245 1051 2280 circa
1084 2245 1115 2281 V
1198 2244 1396 2280 densantur
1415 2245 1487 2291 HI,
1520 2245 1633 2281 Bem-

111 2301 180 2336 bus
257 2299 358 2336 obvia
387 2303 542 2348 scripsi.
576 2301 692 2338 omnia
722 2299 796 2336 ῼω
826 2302 966 2349 agmina
994 2301 1195 2338 Iacobsius
1274 2311 1391 2348 poene
1419 2301 1457 2337 Y
1478 2312 1576 2350 pone
1596 2301 1634 2337 B

111 2366 201 2403 pene
232 2357 274 2392 H
357 2355 438 2393 234
469 2359 611 2394 uinctus
637 2358 710 2402 Boc,
736 2358 903 2393 Bembus
922 2357 1041 2393 uictus
1067 2356 1140 2393 Ψω
1205 2363 1262 2393 set
1282 2363 1318 2393 et
1346 2357 1384 2393 Y
1435 2358 1592 2394 inmanis*
1607 2358 1637 2395 C

168 2416 259 2452 etos,
276 2422 379 2448 corr.
395 2424 443 2448 m.
461 2412 484 2448 2
507 2419 588 2450 otos
605 2415 648 2450 H
666 2413 768 2449 odios
792 2413 829 2450 Y
843 2413 950 2449 ethos
971 2412 1058 2456 Ψω,
1077 2414 1243 2451 Bembus
1321 2413 1400 2451 235
1423 2414 1633 2451 Deuinctum

112 2468 219 2514 ΑΕα,
249 2467 416 2504 Bembus
436 2468 630 2506 Deuinctus
656 2465 733 2516 Ψψ
810 2474 947 2505 mestus
968 2470 1049 2506 BH
1132 2470 1323 2519 ephialtem
1346 2470 1417 2507 CH
1428 2471 1461 2508 V
1484 2470 1632 2519 ophyal-

112 2530 185 2560 tem
203 2526 218 2560 l
295 2522 375 2561 236
397 2525 577 2572 quondam
597 2537 678 2562 cum
695 2524 782 2573 (qufi
802 2524 836 2572 ε)
857 2524 1022 2577 εἰηῑιΨω
1038 2526 1187 2563 condam
1208 2538 1287 2563 cum
1309 2527 1410 2564 sintl
1432 2538 1540 2575 quom
1561 2528 1634 2563 sint

113 2580 292 2628 quondam
325 2581 356 2617 V
437 2582 642 2618 rescindere
674 2581 932 2619 Vinscendere
959 2583 1119 2620 AEPYt
1146 2583 1363 2631 inscendere
1384 2584 1422 2619 B
1440 2583 1633 2620 incendere

114 2637 242 2683 ΟΗεα,
267 2637 435 2674 Bembus
455 2637 620 2675 incedere
639 2641 652 2675 l
675 2637 867 2674 escendere
883 2639 1067 2676 Heinsius
1152 2638 1267 2675 celum
1296 2640 1346 2676 V.-
1367 2639 1421 2687 cf.
1441 2639 1529 2687 ye.1
1551 2639 1634 2677 280

111 2694 205 2730 Aen.
237 2693 280 2729 VI
310 2692 391 2730 583
499 2694 578 2732 237
610 2695 763 2743 Thycios
802 2704 822 2732 ε
872 2695 972 2730 titius
1014 2696 1045 2732 V
1091 2696 1195 2731 ticius
1233 2696 1277 2732 H
1321 2697 1476 2744 tytiusl
1526 2697 1632 2745 tityas

114 2783 262 2819 AEPY
284 2784 379 2875 utilas
401 2784 431 2820 C
449 2759 548 2834 utyas
574 2785 607 2821 Β
692 2790 774 2821 tuae
801 2780 859 2831 oc¹‚
891 2785 1059 2822 Bembus
1087 2791 1165 2821 tuas
1191 2784 1265 2822 Ψω
1322 2787 1394 2822 irae
1414 2786 1485 2832 Ρα,
1520 2787 1632 2823 Bem-

116 2841 184 2876 bus
213 2840 282 2876 iras
360 2852 391 2876 ω

205 2914 387 2946 mum-1011,
410 2916 562 2941 venem.
589 2916 639 2939 lv,
748 2904 753 2915 ¹
1339 2911 1362 2947 6
