1884 3126
731 155 988 182 CA'rALuc'rA.
1540 137 1613 180 151

209 270 458 323 Thucydides
489 270 728 323 BritannusL
753 269 900 308 Atticae
931 266 1067 312 febris,

210 350 274 384 tau
306 343 517 389 Gallicum,
550 343 651 389 min,
685 341 738 388 al,
771 341 816 381 sil
851 335 892 381 ut
922 339 1023 380 male
1054 339 1168 386 elisit,

208 420 259 458 ita
291 419 421 458 omnia
451 418 523 457 ista
554 416 669 456 verba
702 416 857 456 miscuit
886 415 1011 455 fratri.

813 604 898 648 ΙΙΙ.

263 713 405 757 Socer,
436 711 550 751 beate
583 723 655 750 nec
686 709 758 749 tibi
790 722 862 750 nec
893 709 1019 756 alteri,

207 798 407 838 generque
438 785 650 831 Noctuine,
682 783 863 836 putidum
895 789 1023 836 caput,

209 866 326 900 tuone
358 871 463 899 nunc
493 857 621 911 puella
654 857 762 904 talis,
796 859 831 898 ei
864 862 930 897 tuo

207 939 367 988 stupore
397 945 534 986 pressa
566 944 635 972 rus
666 931 811 972 abibit?
844 932 878 971 ei
909 930 1018 981 mihi,

96 1158 385 1195 llormethiorum
416 1157 533 1194 ‘liber
558 1166 810 1205 papyraceus
842 1155 981 1193 Vossii'
1014 1160 1107 1193 teste
1127 1155 1366 1198 Burmanno,
1390 1157 1428 1192 le.
1453 1166 1485 1192 e.
1508 1157 1617 1192 haud

95 1216 204 1252 dubie
234 1215 438 1251 Vossianus
456 1213 485 1249 11
515 1213 656 1250 Naelcii
675 1213 756 1250 Cat.
772 1224 816 1259 p.
840 1212 933 1250 371.
1022 1213 1116 1250 Post
1146 1223 1296 1250 versum
1320 1213 1339 1249 1
1373 1215 1522 1250 inserta
1544 1212 1615 1249 lste

95 1273 163 1308 iste
191 1272 316 1307 rhetor
345 1281 497 1318 namque
518 1269 622 1318 (naq3
644 1268 695 1316 R)
716 1274 891 1317 quatenus
919 1273 1020 1306 totus
1047 1273 1194 1306 inserta
1223 1270 1365 1307 liabent
1386 1270 1612 1310 BHRXZa‚

92 1328 163 1364 Iste
192 1326 358 1363 uerberet
387 1327 573 1374 hornaique
603 1331 778 1374 quatenus
809 1330 907 1362 totus
930 1336 961 1367 ε,
993 1338 1062 1363 om.
1097 1327 1218 1363 Vossii
1236 1337 1303 1363 ms.
1337 1325 1389 1374 (in
1411 1328 1495 1364 cod.
1516 1325 1613 1373 507)

93 1389 129 1420 et
159 1383 381 1428 Quintiliani
417 1384 579 1420 codices.
703 1381 727 1418 2
759 1382 976 1431 Thucydidis
1007 1383 1039 1419 Z
1066 1383 1282 1431 'l‘uchydidis
1313 1385 1348 1420 R
1379 1382 1614 1420 Thuchididis

92 1441 136 1477 H
161 1440 282 1476 Tritici
312 1438 440 1476 dedisti
471 1449 491 1477 ε
606 1438 808 1475 brittannus
840 1439 1066 1484 Quintiliani
1094 1441 1221 1476 Ambr.
1260 1439 1439 1476 brittanus
1472 1440 1608 1476 Bamb.

92 1502 264 1545 tyrannus
300 1496 426 1532 ΒΧΖα
457 1490 593 1532 tir-Snus
625 1497 660 1533 R
691 1492 841 1532 tirann‘ff
866 1496 909 1532 H
936 1493 1063 1544 tyrffno
1094 1506 1114 1534 ε
1221 1497 1350 1533 atticae
1380 1497 1477 1533 XZoc
1506 1488 1617 1547 attice¹

92 1553 318 1598 Quintiliani
358 1553 486 1589 Ambr.
531 1553 638 1589 attice
676 1552 731 1598 B,
777 1551 1002 1596 Quintiliani
1038 1553 1174 1589 Bamb.
1219 1557 1254 1589 et
1291 1553 1467 1600 fortasse
1503 1566 1552 1590 m.
1589 1555 1609 1590 1

90 1610 232 1655 Ambr.,
258 1610 402 1656 probat
432 1609 669 1646 Huschlcius.
702 1610 812 1645 aticae
833 1609 868 1645 R
898 1610 987 1645 atice
1008 1610 1051 1646 H
1078 1615 1180 1646 acute
1210 1619 1230 1647 ε
1346 1609 1463 1646 febres
1495 1609 1610 1654 Quin-

90 1668 213 1703 tiliani
240 1666 368 1702 Ambr.
402 1670 438 1702 et
467 1665 602 1702 Bamb.
720 1665 743 1702 3
776 1665 830 1712 cf.
861 1666 1054 1703 Ausonius
1081 1671 1406 1715 yrammatomast.
1443 1666 1505 1715 (id.
1538 1666 1611 1714 ΧΠ)

92 1735 124 1761 υ.
149 1722 173 1759 5
206 1721 290 1758 ‘die
321 1724 412 1770 quid
439 1724 653 1770 siqnificent
684 1724 876 1759 catalecta
898 1723 1102 1759 Maronis?
1130 1726 1168 1759 in
1198 1724 1258 1760 liis
1279 1723 1309 1759 al
1334 1724 1524 1760 Celtarum
1540 1736 1609 1771 po-

89 1781 174 1825 suit,
205 1781 378 1826 sequitur
406 1790 480 1815 non
509 1780 674 1815 lucidius
705 1785 763 1814 tau
776 1779 799 1820 ',
832 1791 864 1816 v.
898 1779 922 1816 8
954 1778 1084 1816 <estne
1111 1782 1313 1828 pereqrini
1341 1792 1417 1817 vox
1447 1783 1611 1817 nominis

91 1847 142 1872 an
162 1835 264 1872 Latii
290 1835 357 1871 sil?
388 1836 437 1872 Et
467 1837 569 1883 quocl
593 1846 776 1884 aer-mano
806 1837 967 1873 mixtum
998 1838 1097 1874 male
1116 1837 1312 1884 letiferum
1335 1837 1453 1873 min?'
1485 1836 1608 1884 (‘Ma-

90 1893 194 1929 ronis
230 1894 269 1928 in
306 1892 383 1934 lais,
423 1891 474 1933 al,
515 1893 564 1928 El
602 1893 704 1940 quod
740 1892 933 1929 Celtarum
965 1896 1096 1939 posuit
1136 1905 1213 1930 non
1242 1895 1408 1930 lucidius
1439 1898 1517 1940 tau,
1560 1895 1610 1930 Et

90 1950 191 1996 quod
219 1976 227 1983 .
262 1976 270 1983 .
304 1976 312 1984 .
345 1947 439 1984 min’
473 1947 673 1996 Scaliyer).
735 1948 834 1984 Thau
865 1949 963 1987 ΒΗΕ
994 1954 1065 1985 tam
1097 1950 1324 1995 Quintiliani
1353 1950 1461 1987 Goth.
1494 1950 1517 1986 2

90 2004 284 2053 galligcum
314 2004 350 2039 B
380 2004 532 2053 galicum
562 2005 597 2042 R
699 2005 770 2040 min
801 2005 831 2040 al
863 2006 906 2041 sil
935 2010 973 2041 ut
1013 2003 1256 2055 Waynerus,‘
1287 2009 1389 2054 quod
1415 2008 1503 2044 dum
1533 2018 1608 2044 me-

88 2063 162 2097 lius
182 2063 370 2097 inventum
389 2063 462 2097 erit
480 2063 520 2098 in
551 2065 696 2098 textum
725 2063 867 2108 recepi.
929 2063 1020 2098 enim
1043 2068 1079 2098 et
1099 2063 1219 2110 spinet
1240 2063 1464 2107 Quintiliani
1478 2065 1606 2103 Ambr.

91 2117 226 2153 Bamb.
259 2117 368 2153 minet
404 2118 523 2165 psinet
553 2118 596 2154 H
636 2118 742 2154 minel
780 2119 943 2166 prosinet
981 2120 1011 2155 Z
1047 2120 1156 2155 minet
1187 2120 1367 2166 prominet
1398 2121 1433 2156 R
1471 2125 1507 2156 ot
1537 2121 1610 2168 psi-

90 2185 155 2210 nae
187 2173 222 2209 Β
249 2174 375 2210 ῖωίηθῑ
403 2174 546 2222 ipsimet
576 2184 596 2212 ε
626 2175 719 2210 ellim
751 2180 786 2210 et
817 2176 939 2223 spinae
968 2175 1193 2220 Quintiliani
1216 2175 1345 2212 Tur-ic.
1368 2177 1476 2213 Flor.
1500 2177 1608 2214 Goth.

92 2230 128 2266 1.
152 2230 175 2266 2
208 2242 292 2266 cum
323 2231 410 2267 aliis
437 2231 558 2278 spinae
589 2231 731 2278 ipsimet
758 2231 801 2267 X
825 2232 947 2278 spinae
978 2232 1129 2279 ipsemet
1159 2244 1183 2266 α
1215 2232 1287 2268 min
1317 2232 1361 2268 sil
1393 2238 1429 2268 et
1459 2233 1490 2268 al
1521 2234 1606 2270 Sal-

90 2289 233 2323 masius
271 2287 343 2322 min
379 2287 411 2322 al
448 2287 571 2334 spinae
602 2287 828 2323 Huselelcius
948 2286 1043 2323 elisit
1083 2288 1299 2336 Waqnerus
1334 2288 1420 2324 ilisit
1451 2290 1483 2325 Z
1508 2290 1609 2326 illisit

90 2342 267 2382 ΒΗΧεα,
299 2341 524 2385 Quintiliani
551 2343 687 2379 Bamb.
720 2343 772 2378 illi
802 2343 850 2378 sit
872 2343 920 2389 R,
945 2342 1173 2387 Quintiliani
1191 2345 1319 2382 Ambr.
1345 2345 1472 2393 Guelf.
1497 2347 1605 2383 Goth.

92 2399 128 2435 1.
162 2398 184 2434 2
218 2398 289 2445 :cfi
322 2398 363 2434 L.
396 2398 609 2435 Muellerus
646 2399 691 2435 de
722 2409 765 2435 re
794 2411 841 2435 m.
875 2399 967 2437 228.
1103 2399 1128 2436 4
1158 2397 1225 2451 ita]
1259 2401 1329 2438 Ista
1359 2402 1494 2439 RXZoc

90 2454 198 2491 uerba
226 2455 294 2490 ista
323 2455 383 2492 Xe

201 2510 256 2546 111.
310 2511 330 2546 1
362 2510 443 2560 berit
474 2510 565 2549 ΗΖΕ
691 2511 714 2547 2
746 2511 939 2554 Noctuine,
980 2513 1141 2560 putidum
1172 2526 1198 2549 α
1227 2519 1339 2551 noctu
1370 2512 1540 2564 inpudit'u'
1568 2519 1611 2554 H

91 2573 201 2604 noctu
232 2564 400 2615 inputlicss
431 2568 467 2603 R
496 2572 607 2604 noctu
635 2568 853 2616 impudicum
876 2569 1006 2607 RXZe
1038 2575 1148 2606 noctu
1178 2571 1214 2606 in
1244 2571 1464 2619 prudentum
1487 2574 1524 2609 B

91 2624 184 2672 capit
215 2616 279 2658 B*
365 2624 388 2660 3
419 2628 530 2660 tuone
560 2635 655 2660 nunc
686 2636 756 2661 om.
787 2634 806 2662 ε
838 2623 1008 2673 (lacuna)
1095 2626 1220 2663 Tuone
1251 2627 1427 2677 Scaliyer
1456 2629 1606 2679 Tuoque

92 2679 199 2716 BRZ
227 2679 326 2728 Tuaq
344 2698 352 2707 ·
371 2679 414 2715 H
442 2680 567 2728 Tuque
596 2681 661 2716 ch
777 2686 862 2717 tunc
892 2682 927 2718 R
1015 2683 1046 2718 ei
1077 2683 1275 2731 Hauptius
1305 2690 1340 2720 et
1370 2685 1606 2725 BHRXZecc

91 2735 162 2771 heu
192 2735 368 2784 Scaliyer
509 2736 534 2772 4
565 2742 714 2785 stupore
745 2748 867 2785 pressa
897 2750 965 2775 om.
999 2748 1019 2776 ε
1050 2738 1220 2787 (lacuna)
1333 2753 1456 2793 pressa
1477 2755 1538 2780 rus
1569 2745 1604 2781 R

91 2801 280 2838 pressurus
311 2793 347 2828 B
461 2792 579 2834 abibit,
612 2794 670 2830 hei
701 2794 876 2842 Scaliyer
906 2793 1014 2831 abibit
1043 2800 1080 2832 et
1110 2796 1172 2832 Βα
1202 2796 1337 2834 habitet
1367 2800 1518 2836 HRXZ
1546 2801 1605 2837 ha-

92 2845 180 2883 bitat
210 2857 230 2885 ε
