1884 3126
755 161 878 190 onus.
958 194 961 199 ἵ
1516 143 1593 184 111

189 275 391 329 egreditur
420 276 608 327 ferroque
638 285 782 318 manus
810 276 959 312 armata
989 270 1141 310 bidenti

187 349 332 395 evolat;
366 354 404 389 at
434 349 616 400 demptae
646 347 773 387 subita
803 347 844 386 in
874 343 1085 385 formidine
1116 346 1237 383 vires:

187 422 387 463 caeruleas
416 435 486 462 sua
515 422 619 461 furta
649 421 757 473 prius
791 423 957 459 testatur
987 417 1034 457 ad
1065 415 1238 456 umbras.
1516 417 1596 454 215

186 509 275 538 nam
308 508 385 547 qua
414 508 457 536 se
487 495 535 535 ad
566 495 737 548 patrium
768 491 955 533 tendehat
985 491 1125 531 semita
1155 489 1289 534 limen,

186 569 380 610 vestibulo
409 570 451 609 in
482 568 641 609 thalami
669 567 831 620 paulum
861 570 1086 606 remoratur
1122 568 1160 604 et
1189 562 1264 603 alte

186 644 348 696 suspicit
377 643 425 683 ad
455 642 550 683 celsi
579 642 766 682 nictantia
797 639 927 681 sidera
958 638 1107 684 mundi,

188 729 267 757 non
299 722 459 769 accepta
488 716 564 768 piis
594 706 828 768 promittens
858 725 1024 753 munera
1055 712 1165 751 divis.

246 790 371 837 Quam
404 789 521 829 simul
551 789 690 840 Ogygii
718 787 927 827 Phoenicis
956 785 1034 825 filia
1067 785 1206 825 Carme
1517 785 1599 823 220

188 876 353 915 surgere
382 863 506 903 sensit
534 875 632 902 anus
665 861 849 915 (sonitum
880 872 972 900 nam
1002 860 1153 899 fecerat
1181 857 1238 897 illi

188 949 411 977 marmoreo
442 941 599 976 aeratus
629 935 800 975 stridens
828 936 870 974 in
900 933 1035 973 limine
1065 931 1212 985 cardo),

190 1011 355 1063 corripit
386 1009 585 1062 extemplo
616 1010 761 1049 fessam
791 1008 982 1060 languore
1012 1006 1185 1059 puellam

191 1089 230 1124 et
259 1083 375 1123 simul
405 1087 451 1122 ‘o
481 1083 596 1123 nobis
625 1094 782 1122 sacrum
812 1084 952 1134 caput’
983 1081 1110 1133 inquit
1138 1079 1331 1125 ‘alumna,

191 1169 270 1196 non
298 1156 370 1196 tibi
400 1156 640 1208 nequiquam
670 1155 804 1195 viridis
834 1167 906 1208 per
936 1156 1086 1194 viscera
1114 1153 1242 1205 pallor
1518 1154 1598 1190 225

192 1235 372 1281 aegrotas
401 1231 511 1270 tenui
541 1229 704 1269 suffudit
733 1229 923 1280 sanguine
956 1240 1084 1273 venas,

192 1316 264 1343 nec
293 1303 389 1343 levis
418 1303 493 1342 hoc
522 1304 671 1343 faceret
704 1302 845 1354 (neque
876 1302 982 1341 enim
1011 1300 1118 1353 pote)
1151 1313 1246 1340 eura
1278 1299 1445 1351 subegit.

191 1376 283 1415 haut
311 1375 426 1415 fallor
459 1375 577 1428 (quod
609 1381 650 1415 ut
680 1387 703 1414 ο
733 1376 884 1428 potius,
916 1375 1180 1421 Rhamnusia,
1212 1373 1357 1426 sallar):

190 1462 280 1488 nani
312 1462 387 1502 qua
418 1455 457 1489 te
488 1462 604 1490 causa
634 1461 708 1488 nec
738 1448 864 1488 dulcis
896 1449 1036 1501 pocula
1067 1448 1214 1488 Bacchi

190 1535 265 1563 nec
294 1523 478 1574 gravidos
509 1523 665 1562 Cereris
696 1522 824 1562 dicam
857 1524 1087 1574 contingere
1119 1522 1242 1567 setus3
1518 1523 1600 1561 230

190 1608 290 1648 quae
319 1608 437 1636 causa
467 1596 514 1635 ad
544 1597 716 1648 patrium
745 1595 868 1636 solam
901 1595 1060 1647 vigilare
1091 1595 1235 1641 cubile,

144 1692 147 1695 ι
192 1674 370 1722 tempore
401 1682 478 1722 quo
509 1670 630 1709 fessas
661 1669 840 1710 mortalia
870 1675 1035 1722 pectora
1066 1681 1194 1715 curas,

164 1831 245 1870 213
276 1830 412 1868 uidenti
449 1831 526 1868 HR
642 1829 724 1867 214
755 1836 790 1867 at
826 1831 879 1869 ΖΕ
915 1841 955 1867 ac
984 1830 1017 1866 A
1055 1835 1116 1867 aut
1154 1830 1231 1867 HR
1355 1829 1434 1867 215
1467 1836 1601 1868 testan-

81 1929 140 1959 tur
169 1923 213 1959 H
274 1906 278 1909 ⁴
323 1921 403 1959 216
435 1921 555 1957 lumen
593 1921 636 1958 H
662 1933 710 1957 m.
744 1921 765 1957 1
892 1921 972 1958 217
1004 1921 1121 1957 talami
1152 1920 1180 1957 R
1283 1903 1463 1964 remorata
1494 1922 1522 1970 (Ζ
1552 1936 1599 1959 m.

80 1978 176 2026 rec.)
207 1979 250 2015 H
283 1983 483 2014 remoratus
514 1978 549 2014 R
664 1977 735 2013 alte
764 1978 1045 2026 Hertzberyz'us
1083 1978 1145 2014 alti
1182 1977 1259 2015 HR
1296 1978 1407 2014 altum
1438 1981 1517 2017 Ζεα

82 2034 163 2072 218
193 2034 236 2070 ad
266 2034 354 2070 celsi
383 2033 577 2082 Scazaeyer:
608 2034 662 2081 cf.
687 2034 723 2070 7.
756 2033 798 2070 ad
829 2034 896 2085 egli
916 2035 1016 2071 ALR
1048 2034 1090 2070 ad
1121 2034 1187 2071 celi
1219 2036 1280 2072 ΗΕ
1311 2035 1354 2071 ad
1385 2037 1473 2073 culti
1503 2049 1528 2071 α
1559 2036 1601 2072 ad

81 2091 200 2127 Lunae
231 2091 398 2138 Silliyius
426 2090 575 2126 aetherii
605 2091 819 2128 Lccdevicus
924 2092 1092 2127 nictantia
1124 2091 1302 2139 Scaliyer
1331 2094 1493 2129 nutantia
1523 2093 1603 2131 Ζεα

83 2145 220 2184 muncia
250 2147 301 2194 (h.
334 2158 365 2183 e.
398 2146 601 2194 mutantia),
633 2159 666 2183 m
698 2159 801 2184 corr.
833 2160 880 2184 m.
913 2158 991 2184 rec.
1024 2150 1063 2184 in
1095 2159 1117 2182 n
1149 2148 1192 2183 H
1218 2149 1390 2184 mutantia
1421 2151 1456 2186 R
1543 2161 1602 2196 sy-

82 2203 165 2239 dera
193 2204 288 2241 LRoe
403 2202 485 2240 220
515 2204 629 2252 ogigii
657 2204 725 2240 LR
814 2204 948 2240 uenicis
987 2203 1024 2250 (u
1055 2216 1101 2239 m.
1144 2204 1166 2240 2
1200 2216 1303 2240 corr.
1343 2207 1381 2240 in
1412 2206 1440 2252 s)
1471 2207 1514 2242 H

82 2291 206 2329 chame
236 2294 268 2330 L
304 2294 446 2330 chat-me
480 2295 561 2332 Αεα
684 2293 763 2329 222
796 2294 991 2330 Marmorea
1020 2294 1056 2331 R
1179 2293 1260 2332 223
1290 2276 1440 2344 lang'Bre
1479 2295 1517 2343 (u
1553 2309 1601 2333 m.

83 2349 179 2395 rec.)
210 2350 252 2385 H
278 2349 428 2397 langore
448 2350 479 2385 L
593 2349 675 2385 224
705 2350 811 2386 simul
843 2361 864 2386 o
886 2350 999 2388 ΛΖΕα
1030 2350 1162 2387 famulo
1185 2352 1261 2388 HR
1348 2363 1466 2388 carum
1498 2355 1603 2390 malit

86 2406 334 2442 Schraderus
448 2404 529 2441 225
561 2406 798 2453 nequicquam
829 2407 926 2444 HLoc
956 2417 1023 2443 nee
1051 2409 1240 2456 quicquam
1271 2409 1306 2445 R
1423 2409 1503 2447 226
1536 2411 1602 2447 Ae-

85 2467 208 2509 grotas
220 2462 283 2498 Roc
296 2461 452 2510 Egrotos
469 2462 499 2497 L
514 2461 651 2510 Egroto
669 2462 731 2500 ΗΕ
748 2464 907 2511 Aegroto
929 2464 962 2499 A
1004 2465 1121 2500 tenuis
1139 2465 1171 2500 Α
1226 2477 1276 2501 (ιη
1291 2471 1443 2514 aegroto
1461 2468 1603 2504 tenuis?

169 2517 316 2553 suffudit
337 2518 389 2555 ΖΕ
419 2517 592 2554 suffundit
621 2518 759 2556 AHRa
849 2520 970 2556 uultus
990 2521 1021 2556 L
1123 2521 1203 2558 227
1226 2522 1295 2558 hoc
1326 2522 1460 2559 faceres
1492 2526 1602 2572 vulyo

85 2574 175 2610 hanc
203 2573 328 2610 faciem
348 2574 529 2610 Pithoeus
614 2581 702 2622 puto
724 2576 755 2611 L
841 2576 983 2613 subedit
1013 2577 1274 2615 Marklandus
1305 2580 1357 2615 ad
1376 2580 1490 2617 Statii
1517 2582 1599 2618 silv.

83 2630 112 2665 V
143 2631 180 2672 3,
212 2629 293 2667 258
410 2629 489 2668 228
520 2630 614 2666 haud
636 2632 715 2669 Ζεα
745 2632 816 2668 Aut
837 2631 913 2670 HR
1001 2634 1097 2681 quod
1130 2641 1168 2670 ut
1200 2646 1220 2671 o
1253 2635 1498 2674 Schraderus
1529 2649 1600 2686 quo

84 2686 169 2723 duta
207 2686 248 2721 H
284 2686 381 2734 quod
420 2692 454 2722 te
491 2687 605 2725 ALea
651 2688 748 2736 qnod
786 2716 794 2724 .
837 2717 846 2725 .
885 2717 894 2726 .
933 2690 969 2726 R
1131 2693 1298 2728 rannusia
1336 2693 1379 2729 H
1412 2693 1602 2730 Ramnusia

85 2743 152 2779 LR
258 2743 357 2779 fallar
394 2744 548 2780 Iuntina
587 2744 693 2781 fallor
729 2742 911 2783 HLReoc¹
958 2746 1055 2782 sallat
1095 2748 1146 2794 A,
1189 2749 1347 2786 Loensis
1384 2749 1472 2786 fallit
1511 2757 1602 2788 ante

86 2799 278 2846 Loensem‚
300 2812 337 2835 ομ
420 2799 500 2837 229
532 2811 599 2848 qua
627 2801 706 2839 Ζεα
736 2813 806 2849 que
827 2803 870 2839 H
897 2814 966 2852 qu}
996 2804 1032 2840 R
1124 2803 1225 2841 bachi
1245 2807 1289 2842 H
1372 2806 1455 2844 230
1484 2809 1602 2856 graui-

87 2854 154 2890 dus
187 2854 227 2890 H
311 2856 429 2892 foetus
460 2857 526 2893 LR
630 2857 707 2894 231
741 2869 810 2909 quff
840 2859 892 2898 Ζε
922 2871 991 2908 que
1022 2861 1099 2898 HR
1129 2873 1197 2909 qua
1226 2875 1264 2909 α,
1293 2863 1466 2911 fortasse
1496 2870 1601 2903 recle
