1884 3126
312 197 331 236 1
340 195 391 236 14
1006 209 1128 237 onus.

420 317 485 357 ille
515 330 618 364 mea,
648 317 713 357 ille
742 318 844 357 idem
875 323 1070 370 oppugnat
1099 318 1326 370 praecordia
1358 318 1494 357 Minos.

421 390 522 441 quod
552 402 622 442 per
651 395 689 429 te
719 390 846 429 divum
876 390 1035 429 crebros
1065 394 1251 429 testamur
1281 401 1432 428 amores

421 473 567 513 perque
596 466 703 500 tuum
733 462 895 500 memori
926 466 1102 501 sanctum
1132 461 1222 500 mihi
1254 466 1388 512 pectus
1419 460 1609 506 alumnae,

420 538 464 572 ut
493 546 554 572 me
583 534 614 572 si
643 545 798 572 servare
829 538 938 584 potes
968 545 1016 572 ne
1047 533 1212 584 perdere
1243 532 1372 577 malis;
1719 535 1797 571 275

422 606 482 644 sin
513 609 639 644 autem
671 610 821 656 optatae
852 617 942 655 spes
972 611 1030 644 est
1059 605 1179 644 incisa
1209 604 1353 649 salutis,

421 689 470 715 ne
500 676 594 715 mihi
624 688 736 726 quam
769 678 894 715 merui
923 677 1112 721 invideas,
1144 675 1354 721 nutricula,
1387 681 1563 715 mortem.

421 760 510 787 nam
542 749 613 786 nisi
645 752 682 786 te
713 747 826 787 nobis
857 746 998 793 malus,
1030 761 1052 787 ο
1083 748 1226 793 malus,
1259 749 1400 799 optima
1432 747 1580 793 Carme,

421 825 508 858 ante
538 819 640 858 hunc
670 824 918 870 conspectum
951 832 1108 859 casusve
1138 820 1277 859 deusve
1308 819 1471 864 tulisset,

421 898 487 930 aut
515 892 619 929 ferro
649 891 743 930 hoc’
778 891 914 942 (aperit
943 892 1090 930 ferrum
1121 891 1222 942 quod
1252 895 1354 931 veste
1384 890 1538 941 latebat)
1719 893 1799 929 280

421 965 686 1014 ‘purpureum
714 963 835 1014 patris
866 963 1121 1013 dempsissem
1150 964 1294 1002 vertice
1323 963 1470 1002 crinem

422 1039 488 1074 aut
517 1034 611 1072 mihi
640 1035 835 1085 praesenti
865 1036 1102 1085 peperissem
1135 1034 1291 1073 volnere
1321 1034 1477 1072 letum'.

476 1107 543 1145 Vix
575 1105 671 1144 haec
701 1105 892 1150 ediderat,
925 1118 1012 1145 cum
1044 1106 1153 1145 clade
1185 1107 1365 1145 exterrita
1396 1106 1496 1144 tristi

420 1179 595 1217 intonsos
625 1177 746 1217 multo
777 1177 954 1229 deturpat
982 1178 1141 1229 pulvere
1171 1178 1299 1216 crines

422 1255 460 1289 et
489 1249 655 1301 graviter
685 1255 822 1300 questu
853 1250 989 1289 Carme
1020 1249 1232 1301 complorat
1261 1249 1367 1288 anili:
1719 1250 1797 1288 285

420 1322 466 1361 ‘o
495 1321 590 1360 mihi
619 1333 724 1360 nunc
751 1322 890 1360 iterum
922 1320 1090 1360 crudelis
1120 1320 1271 1360 reddite
1301 1322 1435 1365 Minos,

421 1406 443 1432 ο
473 1395 613 1432 iterum
645 1397 799 1432 nostrae
828 1393 952 1432 Minos
981 1393 1138 1432 inimice
1168 1397 1359 1438 senectae,

421 1477 574 1516 semper
605 1470 647 1504 ut
675 1470 741 1503 aut
770 1463 859 1503 olim
891 1468 1002 1503 natae
1030 1469 1068 1503 te
1098 1470 1256 1515 propter
1287 1463 1450 1503 eundem

421 1542 486 1576 aut
514 1548 622 1575 amor
650 1537 808 1575 insanae
837 1536 982 1574 luctum
1012 1540 1184 1587 portaret
1212 1534 1404 1574 alumnae!

422 1615 509 1648 tene
540 1620 611 1659 ego
642 1613 716 1646 tam
747 1607 862 1658 longe
892 1613 1003 1659 capta
1032 1611 1146 1658 atque
1176 1611 1306 1646 avecta
1337 1607 1502 1656 nequivi,
1719 1609 1798 1646 290

423 1687 497 1721 tam
528 1692 643 1730 grave
673 1680 892 1724 servitium,
925 1684 1002 1718 tam
1033 1678 1151 1718 duros
1180 1690 1290 1730 passa
1319 1678 1484 1723 labores,

422 1753 612 1802 effugere,
645 1764 666 1789 o
697 1752 826 1789 sistam
858 1751 1017 1788 exitium
1050 1755 1089 1788 ut
1119 1749 1278 1789 crudele
1309 1751 1506 1788 meorum?

393 1897 472 1934 273
501 1908 565 1945 per
603 1901 637 1932 te
667 1897 701 1932 R
732 1901 766 1931 te
803 1906 865 1942 per
896 1894 1016 1932 HLeoc
1110 1900 1280 1931 testamur
1309 1895 1344 1931 R
1376 1894 1539 1931 obtestor
1569 1896 1686 1933 HLea

310 1952 390 1990 274
420 1953 566 1988 memori
602 1955 761 1987 sanctum
792 1950 954 1997 Silliyius
989 1951 1153 1986 memoris
1191 1946 1299 1985 auctfi
1326 1951 1401 1986 HR
1439 1952 1603 1986 memoris
1634 1952 1795 1986 haustum

312 2009 390 2046 Lea
420 2007 566 2043 memori
597 2007 763 2042 haustum
783 2005 955 2052 Scaliqer
983 2006 1129 2041 memori
1157 2010 1295 2041 suctum
1317 2007 1400 2041 olim
1420 2007 1615 2052 Hauptz'us
1635 2011 1793 2053 quaestl.

313 2064 445 2100 Catull.
478 2062 528 2099 78
623 2058 751 2108 affipne
782 2060 820 2095 Η
940 2059 1018 2096 275
1049 2059 1090 2096 Ui
1119 2060 1158 2095 H
1249 2071 1390 2096 seruare
1426 2066 1527 2108 potes
1558 2074 1582 2097 α
1614 2072 1714 2097 uersa
1743 2073 1797 2097 re-

310 2124 409 2166 petes
446 2118 522 2154 HR
560 2127 702 2152 uersare
738 2121 839 2163 potes
870 2116 922 2152 Le
1024 2126 1068 2151 ne
1097 2128 1122 2150 α
1158 2127 1223 2151 nec
1252 2115 1381 2153 HLRe
1503 2116 1581 2154 276
1612 2121 1731 2164 optate
1762 2117 1796 2152 R

395 2173 473 2210 277
504 2183 547 2208 ne
576 2184 601 2207 α
631 2171 701 2207 Nec
730 2171 859 2207 HLRe
943 2170 1103 2206 inuideas
1134 2171 1177 2206 II
1202 2170 1370 2206 inuideris
1401 2171 1436 2207 R
1551 2171 1628 2208 278
1650 2168 1736 2220 nisi]
1767 2172 1795 2206 si

311 2229 366 2264 La
398 2256 406 2264 .
440 2255 448 2263 .
480 2229 509 2263 si
538 2237 558 2265 ε
651 2227 790 2262 charme
821 2227 904 2262 Rea
1025 2225 1103 2262 279
1133 2225 1215 2260 huic
1243 2225 1282 2260 Η
1313 2226 1348 2261 in
1379 2226 1715 2263 Drcclcenborckius

311 2289 391 2319 ante
428 2287 649 2330 expectatum
686 2281 859 2328 Scalz‘yer
990 2279 1070 2318 280
1100 2280 1151 2327 cf.
1183 2280 1275 2316 Aen.
1308 2280 1348 2315 Vl
1378 2280 1458 2318 406
1561 2281 1689 2317 auferri
1729 2281 1796 2317 hoc

311 2339 363 2377 Le
463 2339 576 2385 operit
604 2338 639 2373 R
673 2337 776 2384 capiti
805 2337 857 2372 Le
961 2335 1044 2371 l'erri
1073 2336 1103 2371 L
1139 2335 1233 2371 ferro
1264 2344 1284 2373 ε
1415 2335 1490 2372 281
1524 2336 1726 2372 demsissem
1757 2336 1800 2371 H

394 2392 474 2430 282
504 2393 586 2428 mihi
614 2392 790 2439 praesenti
817 2392 951 2427 desunt
979 2393 1017 2426 in
1044 2392 1186 2427 lacuna
1215 2391 1267 2428 Le
1359 2391 1506 2427 uulnere
1535 2391 1641 2427 HLR
1725 2388 1796 2440 1315

312 2449 347 2485 R
433 2447 512 2484 283
542 2448 634 2483 tristi
660 2459 685 2481 α
717 2447 826 2482 tristis
856 2445 983 2483 HLRe
1124 2444 1204 2482 284
1231 2445 1396 2481 Intonsus
1425 2455 1445 2483 ε
1473 2447 1647 2482 incomtos
1678 2446 1794 2483 Hein-

312 2506 411 2539 sius.-
449 2505 574 2549 possis
607 2500 795 2537 inmundos
833 2503 890 2538 vel
924 2500 1041 2536 infuso
1080 2502 1255 2538 conicere
1293 2502 1378 2537 coll.
1415 2502 1508 2538 Aen.
1548 2501 1605 2537 Xll
1644 2502 1720 2538 611
1760 2506 1796 2537 et

313 2558 450 2594 Catulli
482 2557 583 2592 LXlV
620 2555 700 2592 224
805 2557 960 2603 turpauit
988 2557 1040 2593 Le
1171 2555 1249 2592 285
1281 2557 1410 2592 οπωὲθ
1439 2557 1480 2592 Η
1513 2557 1652 2592 charme
1681 2557 1795 2593 LRea

395 2613 473 2649 287
503 2608 648 2660 iterum]
681 2612 825 2647 nimium
844 2612 896 2648 Le
1009 2610 1087 2647 288
1117 2616 1156 2646 ut
1178 2611 1428 2657 Schrader-us,
1461 2623 1528 2647 om.
1558 2611 1632 2647 HR
1662 2617 1697 2646 et
1717 2612 1794 2648 Lea

393 2674 474 2703 nate
503 2668 537 2703 R
567 2671 647 2702 nata
675 2677 696 2702 ο
725 2675 745 2703 ε
858 2665 936 2702 289
967 2665 1065 2701 Haud
1095 2667 1137 2702 H
1224 2665 1332 2715 letum
1358 2667 1392 2703 R
1475 2671 1632 2714 portaret
1653 2667 1792 2702 Schra-

311 2723 426 2758 derus
454 2723 611 2769 portauit
639 2721 794 2759 HLReoe
914 2720 995 2757 290
1024 2733 1092 2757 om.
1123 2722 1153 2756 L
1243 2721 1387 2756 aduecta
1416 2721 1451 2757 R
1571 2720 1648 2756 292
1680 2732 1700 2756 o
1729 2722 1794 2756 sis-

313 2783 380 2813 tam
410 2778 554 2813 exitium
586 2781 623 2811 ut
651 2778 800 2822 scripsi.
858 2775 1024 2812 obsistam
1062 2777 1204 2812 exitium
1236 2775 1359 2813 HRea
1396 2776 1538 2811 exitium
1568 2775 1734 2811 obsistam
1764 2776 1794 2811 L

312 2837 351 2868 ut
378 2833 498 2868 sistam
527 2832 669 2867 exitium
700 2832 875 2867 Pithoeus
