<?xml version="1.0" encoding="UTF-8"?>
<!DOCTYPE html PUBLIC "-//W3C//DTD XHTML 1.0 Transitional//EN"
    "http://www.w3.org/TR/xhtml1/DTD/xhtml1-transitional.dtd">
<html xmlns="http://www.w3.org/1999/xhtml" xml:lang="en" lang="en">
 <head>
  <title>
</title>
<meta http-equiv="Content-Type" content="text/html;charset=utf-8" />
  <meta name='ocr-system' content='tesseract 3.04.00' />
  <meta name='ocr-capabilities' content='ocr_page ocr_carea ocr_par ocr_line ocrx_word'/>
</head>
<body>
  <div class='ocr_page' id='page_1' title='image "./operavirg04virguoft_0183.png"; bbox 0 0 1884 3126; ppageno 0'>
   <div class='ocr_carea' id='block_1_1' title="bbox 735 122 1622 165">
    <p class='ocr_par' dir='ltr' id='par_1_1' title="bbox 735 122 1622 165">
     <span class='ocr_line' id='line_1_1' title="bbox 735 122 1622 165; baseline -0.001 -1"><span class='ocrx_word' id='word_1_1' title='bbox 735 137 994 165; x_wconf 65' lang='lat' dir='ltr'><strong>cATALEc&#39;rA.</strong></span> <span class='ocrx_word' id='word_1_2' title='bbox 1543 122 1622 163; x_wconf 82' lang='lat'><strong>163</strong></span> 
     </span>
    </p>
   </div>
   <div class='ocr_carea' id='block_1_2' title="bbox 213 247 1625 668">
    <p class='ocr_par' dir='ltr' id='par_1_2' title="bbox 215 247 1623 375">
     <span class='ocr_line' id='line_1_2' title="bbox 215 247 1623 300; baseline -0.001 -12"><span class='ocrx_word' id='word_1_3' title='bbox 215 249 279 288; x_wconf 90' lang='lat' dir='ltr'><strong>hic</strong></span> <span class='ocrx_word' id='word_1_4' title='bbox 309 261 426 300; x_wconf 80' lang='lat' dir='ltr'><strong>grave</strong></span> <span class='ocrx_word' id='word_1_5' title='bbox 456 250 656 288; x_wconf 82' lang='lat' dir='ltr'><strong>servitium</strong></span> <span class='ocrx_word' id='word_1_6' title='bbox 688 249 759 288; x_wconf 85' lang='lat' dir='ltr'><strong>tibi</strong></span> <span class='ocrx_word' id='word_1_7' title='bbox 787 250 884 294; x_wconf 84' lang='lat' dir='ltr'><strong>iam,</strong></span> <span class='ocrx_word' id='word_1_8' title='bbox 917 247 1007 293; x_wconf 89' lang='lat' dir='ltr'><strong>tibi,</strong></span> <span class='ocrx_word' id='word_1_9' title='bbox 1041 247 1182 293; x_wconf 79' lang='lat' dir='ltr'><strong>Roma,</strong></span> <span class='ocrx_word' id='word_1_10' title='bbox 1216 247 1367 286; x_wconf 77' lang='lat' dir='ltr'><strong>serebat</strong></span> <span class='ocrx_word' id='word_1_11' title='bbox 1599 250 1623 286; x_wconf 85' lang='lat'>5</span> 
     </span>
     <span class='ocr_line' id='line_1_3' title="bbox 272 318 1215 375; baseline -0.001 -15"><span class='ocrx_word' id='word_1_12' title='bbox 272 322 413 374; x_wconf 84' lang='lat' dir='ltr'><strong>(cetera</strong></span> <span class='ocrx_word' id='word_1_13' title='bbox 445 335 612 375; x_wconf 83' lang='lat' dir='ltr'><strong>namque</strong></span> <span class='ocrx_word' id='word_1_14' title='bbox 642 323 715 362; x_wconf 90' lang='lat' dir='ltr'><strong>viri</strong></span> <span class='ocrx_word' id='word_1_15' title='bbox 745 322 904 374; x_wconf 82' lang='lat' dir='ltr'>cuspide</span> <span class='ocrx_word' id='word_1_16' title='bbox 936 318 1215 370; x_wconf 79' lang='lat' dir='ltr'><strong>conciderant),</strong></span> 
     </span>
    </p>

    <p class='ocr_par' dir='ltr' id='par_1_3' title="bbox 214 394 1326 521">
     <span class='ocr_line' id='line_1_4' title="bbox 214 394 1326 445; baseline -0.003 -11"><span class='ocrx_word' id='word_1_17' title='bbox 214 408 302 434; x_wconf 81' lang='lat' dir='ltr'><strong>culn</strong></span> <span class='ocrx_word' id='word_1_18' title='bbox 336 395 463 435; x_wconf 87' lang='lat' dir='ltr'><strong>subito</strong></span> <span class='ocrx_word' id='word_1_19' title='bbox 494 397 535 434; x_wconf 91' lang='lat' dir='ltr'><strong>in</strong></span> <span class='ocrx_word' id='word_1_20' title='bbox 565 396 695 435; x_wconf 88' lang='lat' dir='ltr'><strong>medio</strong></span> <span class='ocrx_word' id='word_1_21' title='bbox 726 407 857 435; x_wconf 86' lang='lat' dir='ltr'><strong>rerum</strong></span> <span class='ocrx_word' id='word_1_22' title='bbox 890 394 1104 434; x_wconf 77' lang='lat' dir='ltr'><strong>certamine</strong></span> <span class='ocrx_word' id='word_1_23' title='bbox 1135 405 1326 445; x_wconf 81' lang='lat' dir='ltr'><strong>praeceps</strong></span> 
     </span>
     <span class='ocr_line' id='line_1_5' title="bbox 270 467 1098 521; baseline -0.002 -13"><span class='ocrx_word' id='word_1_24' title='bbox 270 470 445 515; x_wconf 77' lang='lat' dir='ltr'>conruit,</span> <span class='ocrx_word' id='word_1_25' title='bbox 479 483 500 509; x_wconf 89' lang='lat' dir='ltr'><strong>e</strong></span> <span class='ocrx_word' id='word_1_26' title='bbox 530 470 656 521; x_wconf 84' lang='lat' dir='ltr'><strong>patria</strong></span> <span class='ocrx_word' id='word_1_27' title='bbox 686 467 823 520; x_wconf 86' lang='lat' dir='ltr'><strong>pulsus</strong></span> <span class='ocrx_word' id='word_1_28' title='bbox 852 469 893 507; x_wconf 87' lang='lat' dir='ltr'><strong>in</strong></span> <span class='ocrx_word' id='word_1_29' title='bbox 926 467 1098 506; x_wconf 85' lang='lat' dir='ltr'><strong>exilium.</strong></span> 
     </span>
    </p>

    <p class='ocr_par' dir='ltr' id='par_1_4' title="bbox 213 540 1625 668">
     <span class='ocr_line' id='line_1_6' title="bbox 213 540 1030 588; baseline -0.001 -7"><span class='ocrx_word' id='word_1_30' title='bbox 213 541 289 581; x_wconf 79' lang='lat' dir='ltr'><strong>tale</strong></span> <span class='ocrx_word' id='word_1_31' title='bbox 320 542 415 582; x_wconf 84' lang='lat' dir='ltr'><strong>deae</strong></span> <span class='ocrx_word' id='word_1_32' title='bbox 446 555 612 588; x_wconf 90' lang='lat' dir='ltr'><strong>numen,</strong></span> <span class='ocrx_word' id='word_1_33' title='bbox 644 541 713 581; x_wconf 83' lang='lat' dir='ltr'><strong>tali</strong></span> <span class='ocrx_word' id='word_1_34' title='bbox 741 540 919 581; x_wconf 80' lang='lat' dir='ltr'><strong>mortalia</strong></span> <span class='ocrx_word' id='word_1_35' title='bbox 950 542 1030 580; x_wconf 84' lang='lat' dir='ltr'><strong>ritu</strong></span> 
     </span>
     <span class='ocr_line' id='line_1_7' title="bbox 270 614 1625 668; baseline -0.001 -15"><span class='ocrx_word' id='word_1_36' title='bbox 270 615 383 654; x_wconf 76' lang='lat' dir='ltr'>fallax</span> <span class='ocrx_word' id='word_1_37' title='bbox 416 620 616 656; x_wconf 83' lang='lat' dir='ltr'><strong>momento</strong></span> <span class='ocrx_word' id='word_1_38' title='bbox 648 616 836 668; x_wconf 80' lang='lat' dir='ltr'><strong>temporis</strong></span> <span class='ocrx_word' id='word_1_39' title='bbox 867 614 964 654; x_wconf 85' lang='lat' dir='ltr'><strong>hora</strong></span> <span class='ocrx_word' id='word_1_40' title='bbox 995 614 1152 666; x_wconf 80' lang='lat' dir='ltr'><strong>premit.</strong></span> <span class='ocrx_word' id='word_1_41' title='bbox 1573 615 1625 652; x_wconf 90' lang='lat'><strong>10</strong></span> 
     </span>
    </p>
   </div>
   <div class='ocr_carea' id='block_1_3' title="bbox 795 736 928 779">
    <p class='ocr_par' dir='ltr' id='par_1_5' title="bbox 795 736 928 779">
     <span class='ocr_line' id='line_1_8' title="bbox 795 736 928 779; baseline -0.008 0"><span class='ocrx_word' id='word_1_42' title='bbox 795 736 928 779; x_wconf 91' lang='lat' dir='ltr'>XIII.</span> 
     </span>
    </p>
   </div>
   <div class='ocr_carea' id='block_1_4' title="bbox 213 817 1339 1091">
    <p class='ocr_par' dir='ltr' id='par_1_6' title="bbox 213 817 1339 1091">
     <span class='ocr_line' id='line_1_9' title="bbox 214 817 1339 871; baseline -0.002 -14"><span class='ocrx_word' id='word_1_43' title='bbox 214 820 468 871; x_wconf 86' lang='lat' dir='ltr'><strong>Quocumque</strong></span> <span class='ocrx_word' id='word_1_44' title='bbox 498 820 557 858; x_wconf 89' lang='lat' dir='ltr'><strong>ire</strong></span> <span class='ocrx_word' id='word_1_45' title='bbox 587 819 719 858; x_wconf 82' lang='lat' dir='ltr'><strong>ferunt</strong></span> <span class='ocrx_word' id='word_1_46' title='bbox 751 819 881 858; x_wconf 82' lang='lat' dir='ltr'><strong>variae</strong></span> <span class='ocrx_word' id='word_1_47' title='bbox 912 830 984 856; x_wconf 84' lang='lat' dir='ltr'><strong>nos</strong></span> <span class='ocrx_word' id='word_1_48' title='bbox 1016 823 1194 868; x_wconf 79' lang='lat' dir='ltr'><strong>tempora</strong></span> <span class='ocrx_word' id='word_1_49' title='bbox 1226 817 1339 860; x_wconf 82' lang='lat' dir='ltr'><strong>vitae,</strong></span> 
     </span>
     <span class='ocr_line' id='line_1_10' title="bbox 270 889 1313 947; baseline -0.003 -16"><span class='ocrx_word' id='word_1_50' title='bbox 270 897 430 943; x_wconf 83' lang='lat' dir='ltr'><strong>tangere</strong></span> <span class='ocrx_word' id='word_1_51' title='bbox 462 904 558 943; x_wconf 79' lang='lat' dir='ltr'><strong>quas</strong></span> <span class='ocrx_word' id='word_1_52' title='bbox 591 896 717 931; x_wconf 81' lang='lat' dir='ltr'><strong>terras</strong></span> <span class='ocrx_word' id='word_1_53' title='bbox 748 903 926 943; x_wconf 88' lang='lat' dir='ltr'><strong>quosque</strong></span> <span class='ocrx_word' id='word_1_54' title='bbox 956 891 1090 947; x_wconf 85' lang='lat' dir='ltr'><strong>videre</strong></span> <span class='ocrx_word' id='word_1_55' title='bbox 1120 889 1313 934; x_wconf 85' lang='lat' dir='ltr'><strong>homines,</strong></span> 
     </span>
     <span class='ocr_line' id='line_1_11' title="bbox 213 964 1166 1017; baseline 0 -14"><span class='ocrx_word' id='word_1_56' title='bbox 213 965 456 1017; x_wconf 79' lang='lat' dir='ltr'><strong>dispeream,</strong></span> <span class='ocrx_word' id='word_1_57' title='bbox 489 967 521 1005; x_wconf 82' lang='lat' dir='ltr'><strong>si</strong></span> <span class='ocrx_word' id='word_1_58' title='bbox 552 970 589 1005; x_wconf 89' lang='lat' dir='ltr'><strong>te</strong></span> <span class='ocrx_word' id='word_1_59' title='bbox 619 966 741 1004; x_wconf 87' lang='lat' dir='ltr'><strong>suerit</strong></span> <span class='ocrx_word' id='word_1_60' title='bbox 769 965 866 1004; x_wconf 88' lang='lat' dir='ltr'><strong>mihi</strong></span> <span class='ocrx_word' id='word_1_61' title='bbox 897 965 1026 1004; x_wconf 83' lang='lat' dir='ltr'><strong>carior</strong></span> <span class='ocrx_word' id='word_1_62' title='bbox 1056 964 1166 1003; x_wconf 83' lang='lat' dir='ltr'><strong>alter.</strong></span> 
     </span>
     <span class='ocr_line' id='line_1_12' title="bbox 269 1038 1139 1091; baseline -0.002 -13"><span class='ocrx_word' id='word_1_63' title='bbox 269 1038 367 1078; x_wconf 81' lang='lat' dir='ltr'><strong>aiter</strong></span> <span class='ocrx_word' id='word_1_64' title='bbox 398 1039 502 1078; x_wconf 83' lang='lat' dir='ltr'><strong>enim</strong></span> <span class='ocrx_word' id='word_1_65' title='bbox 533 1040 598 1091; x_wconf 88' lang='lat' dir='ltr'><strong>qui</strong></span> <span class='ocrx_word' id='word_1_66' title='bbox 630 1044 668 1078; x_wconf 87' lang='lat' dir='ltr'><strong>te</strong></span> <span class='ocrx_word' id='word_1_67' title='bbox 699 1038 850 1078; x_wconf 85' lang='lat' dir='ltr'><strong>dulcior</strong></span> <span class='ocrx_word' id='word_1_68' title='bbox 881 1051 968 1077; x_wconf 77' lang='lat' dir='ltr'><strong>esse</strong></span> <span class='ocrx_word' id='word_1_69' title='bbox 998 1042 1139 1090; x_wconf 86' lang='lat' dir='ltr'><strong>potest,</strong></span> 
     </span>
    </p>
   </div>
   <div class='ocr_carea' id='block_1_5' title="bbox 99 1111 1625 1946">
    <p class='ocr_par' dir='ltr' id='par_1_7' title="bbox 214 1111 1621 1236">
     <span class='ocr_line' id='line_1_13' title="bbox 214 1111 1621 1163; baseline 0.001 -14"><span class='ocrx_word' id='word_1_70' title='bbox 214 1113 276 1150; x_wconf 83' lang='lat' dir='ltr'><strong>cui</strong></span> <span class='ocrx_word' id='word_1_71' title='bbox 306 1113 434 1151; x_wconf 87' lang='lat' dir='ltr'><strong>iuveni</strong></span> <span class='ocrx_word' id='word_1_72' title='bbox 465 1116 554 1151; x_wconf 84' lang='lat' dir='ltr'><strong>ante</strong></span> <span class='ocrx_word' id='word_1_73' title='bbox 583 1111 679 1151; x_wconf 83' lang='lat' dir='ltr'><strong>alios</strong></span> <span class='ocrx_word' id='word_1_74' title='bbox 709 1111 787 1150; x_wconf 86' lang='lat' dir='ltr'><strong>divi</strong></span> <span class='ocrx_word' id='word_1_75' title='bbox 817 1112 1023 1163; x_wconf 87' lang='lat' dir='ltr'><strong>divomque</strong></span> <span class='ocrx_word' id='word_1_76' title='bbox 1054 1123 1212 1150; x_wconf 86' lang='lat' dir='ltr'><strong>sorores</strong></span> <span class='ocrx_word' id='word_1_77' title='bbox 1597 1113 1621 1150; x_wconf 83' lang='lat'>5</span> 
     </span>
     <span class='ocr_line' id='line_1_14' title="bbox 270 1183 1266 1236; baseline -0.001 -13"><span class='ocrx_word' id='word_1_78' title='bbox 270 1189 408 1224; x_wconf 83' lang='lat' dir='ltr'><strong>cuncta</strong></span> <span class='ocrx_word' id='word_1_79' title='bbox 440 1196 567 1235; x_wconf 87' lang='lat' dir='ltr'><strong>neque</strong></span> <span class='ocrx_word' id='word_1_80' title='bbox 597 1185 779 1236; x_wconf 84' lang='lat' dir='ltr'><strong>indigno,</strong></span> <span class='ocrx_word' id='word_1_81' title='bbox 812 1185 942 1230; x_wconf 81' lang='lat' dir='ltr'><strong>Musa,</strong></span> <span class='ocrx_word' id='word_1_82' title='bbox 975 1184 1120 1223; x_wconf 83' lang='lat' dir='ltr'><strong>dedere</strong></span> <span class='ocrx_word' id='word_1_83' title='bbox 1151 1183 1266 1229; x_wconf 86' lang='lat' dir='ltr'><strong>bona,</strong></span> 
     </span>
    </p>

    <p class='ocr_par' dir='ltr' id='par_1_8' title="bbox 214 1256 1490 1382">
     <span class='ocr_line' id='line_1_15' title="bbox 214 1256 1490 1309; baseline -0.001 -13"><span class='ocrx_word' id='word_1_84' title='bbox 214 1263 351 1297; x_wconf 86' lang='lat' dir='ltr'><strong>cuncta</strong></span> <span class='ocrx_word' id='word_1_85' title='bbox 384 1258 525 1308; x_wconf 87' lang='lat' dir='ltr'><strong>quibus</strong></span> <span class='ocrx_word' id='word_1_86' title='bbox 555 1258 699 1309; x_wconf 83' lang='lat' dir='ltr'><strong>gaudet</strong></span> <span class='ocrx_word' id='word_1_87' title='bbox 728 1257 878 1297; x_wconf 87' lang='lat' dir='ltr'><strong>Phoebi</strong></span> <span class='ocrx_word' id='word_1_88' title='bbox 909 1257 1054 1297; x_wconf 89' lang='lat' dir='ltr'><strong>chorus</strong></span> <span class='ocrx_word' id='word_1_89' title='bbox 1084 1259 1249 1309; x_wconf 82' lang='lat' dir='ltr'><strong>ipseque</strong></span> <span class='ocrx_word' id='word_1_90' title='bbox 1279 1256 1490 1297; x_wconf 73' lang='lat' dir='ltr'><strong>Phoebus?</strong></span> 
     </span>
     <span class='ocr_line' id='line_1_16' title="bbox 269 1330 1180 1382; baseline 0.002 -14"><span class='ocrx_word' id='word_1_91' title='bbox 269 1330 420 1370; x_wconf 87' lang='lat' dir='ltr'><strong>doctior</strong></span> <span class='ocrx_word' id='word_1_92' title='bbox 450 1344 472 1370; x_wconf 91' lang='lat' dir='ltr'><strong>o</strong></span> <span class='ocrx_word' id='word_1_93' title='bbox 504 1332 592 1382; x_wconf 86' lang='lat' dir='ltr'><strong>quis</strong></span> <span class='ocrx_word' id='word_1_94' title='bbox 623 1337 680 1377; x_wconf 89' lang='lat' dir='ltr'><strong>te,</strong></span> <span class='ocrx_word' id='word_1_95' title='bbox 714 1332 841 1377; x_wconf 80' lang='lat' dir='ltr'><strong>Musa,</strong></span> <span class='ocrx_word' id='word_1_96' title='bbox 874 1332 995 1370; x_wconf 84' lang='lat' dir='ltr'><strong>fuisse</strong></span> <span class='ocrx_word' id='word_1_97' title='bbox 1025 1331 1180 1382; x_wconf 78' lang='lat' dir='ltr'><strong>potest?</strong></span> 
     </span>
    </p>

    <p class='ocr_par' dir='ltr' id='par_1_9' title="bbox 213 1404 1218 1457">
     <span class='ocr_line' id='line_1_17' title="bbox 213 1404 1218 1457; baseline 0.001 -15"><span class='ocrx_word' id='word_1_98' title='bbox 213 1416 235 1442; x_wconf 93' lang='lat' dir='ltr'><strong>o</strong></span> <span class='ocrx_word' id='word_1_99' title='bbox 267 1404 354 1454; x_wconf 85' lang='lat' dir='ltr'><strong>quis</strong></span> <span class='ocrx_word' id='word_1_100' title='bbox 386 1408 423 1443; x_wconf 88' lang='lat' dir='ltr'><strong>te</strong></span> <span class='ocrx_word' id='word_1_101' title='bbox 453 1406 492 1443; x_wconf 91' lang='lat' dir='ltr'><strong>in</strong></span> <span class='ocrx_word' id='word_1_102' title='bbox 525 1406 644 1444; x_wconf 85' lang='lat' dir='ltr'><strong>terris</strong></span> <span class='ocrx_word' id='word_1_103' title='bbox 674 1404 846 1457; x_wconf 89' lang='lat' dir='ltr'><strong>loquitur</strong></span> <span class='ocrx_word' id='word_1_104' title='bbox 874 1404 1084 1444; x_wconf 85' lang='lat' dir='ltr'><strong>iucundior</strong></span> <span class='ocrx_word' id='word_1_105' title='bbox 1114 1405 1218 1444; x_wconf 75' lang='lat' dir='ltr'><strong>uno?</strong></span> 
     </span>
    </p>

    <p class='ocr_par' dir='ltr' id='par_1_10' title="bbox 99 1476 1625 1946">
     <span class='ocr_line' id='line_1_18' title="bbox 268 1476 1623 1529; baseline 0.002 -14"><span class='ocrx_word' id='word_1_106' title='bbox 268 1476 350 1516; x_wconf 89' lang='lat' dir='ltr'><strong>Clio</strong></span> <span class='ocrx_word' id='word_1_107' title='bbox 382 1481 459 1516; x_wconf 81' lang='lat' dir='ltr'><strong>tam</strong></span> <span class='ocrx_word' id='word_1_108' title='bbox 492 1483 600 1517; x_wconf 88' lang='lat' dir='ltr'><strong>certe</strong></span> <span class='ocrx_word' id='word_1_109' title='bbox 632 1477 797 1518; x_wconf 80' lang='lat' dir='ltr'><strong>candida</strong></span> <span class='ocrx_word' id='word_1_110' title='bbox 829 1490 908 1516; x_wconf 91' lang='lat' dir='ltr'><strong>non</strong></span> <span class='ocrx_word' id='word_1_111' title='bbox 939 1477 1126 1529; x_wconf 88' lang='lat' dir='ltr'><strong>loquitur.</strong></span> <span class='ocrx_word' id='word_1_112' title='bbox 1571 1481 1623 1519; x_wconf 90' lang='lat'><strong>10</strong></span> 
     </span>
     <span class='ocr_line' id='line_1_19' title="bbox 101 1614 1623 1663; baseline 0.001 -13"><span class='ocrx_word' id='word_1_113' title='bbox 101 1615 256 1663; x_wconf 86' lang='lat' dir='ltr'><strong>populus</strong></span> <span class='ocrx_word' id='word_1_114' title='bbox 293 1614 337 1650; x_wconf 90' lang='lat' dir='ltr'><em>H</em></span> <span class='ocrx_word' id='word_1_115' title='bbox 370 1620 406 1651; x_wconf 90' lang='lat' dir='ltr'><strong>et</strong></span> <span class='ocrx_word' id='word_1_116' title='bbox 443 1615 599 1663; x_wconf 87' lang='lat' dir='ltr'><strong>populos</strong></span> <span class='ocrx_word' id='word_1_117' title='bbox 630 1628 655 1650; x_wconf 87' lang='grc' dir='ltr'>α</span> <span class='ocrx_word' id='word_1_118' title='bbox 799 1614 823 1652; x_wconf 84' lang='lat'>5</span> <span class='ocrx_word' id='word_1_119' title='bbox 855 1616 1031 1651; x_wconf 87' lang='lat' dir='ltr'><strong>seruitum</strong></span> <span class='ocrx_word' id='word_1_120' title='bbox 1070 1615 1111 1651; x_wconf 90' lang='lat' dir='ltr'><em>H</em></span> <span class='ocrx_word' id='word_1_121' title='bbox 1234 1615 1296 1651; x_wconf 93' lang='lat' dir='ltr'><strong>tibi</strong></span> <span class='ocrx_word' id='word_1_122' title='bbox 1337 1617 1404 1651; x_wconf 86' lang='lat' dir='ltr'><strong>iam</strong></span> <span class='ocrx_word' id='word_1_123' title='bbox 1446 1615 1506 1651; x_wconf 87' lang='lat' dir='ltr'><strong>tibi</strong></span> <span class='ocrx_word' id='word_1_124' title='bbox 1547 1616 1623 1652; x_wconf 87' lang='lat' dir='ltr'><strong>HR</strong></span> 
     </span>
     <span class='ocr_line' id='line_1_20' title="bbox 114 1671 1625 1709; baseline 0.001 -2"><span class='ocrx_word' id='word_1_125' title='bbox 114 1673 218 1707; x_wconf 81' lang='lat' dir='ltr'><strong>Voss.</strong></span> <span class='ocrx_word' id='word_1_126' title='bbox 238 1671 265 1706; x_wconf 87' lang='lat'><strong>11</strong></span> <span class='ocrx_word' id='word_1_127' title='bbox 281 1681 328 1708; x_wconf 85' lang='grc' dir='ltr'><strong>εα</strong></span> <span class='ocrx_word' id='word_1_128' title='bbox 359 1671 421 1707; x_wconf 83' lang='lat' dir='ltr'><strong>tibi</strong></span> <span class='ocrx_word' id='word_1_129' title='bbox 452 1672 519 1707; x_wconf 78' lang='lat' dir='ltr'><strong>iam</strong></span> <span class='ocrx_word' id='word_1_130' title='bbox 551 1673 587 1707; x_wconf 92' lang='lat' dir='ltr'><em>B</em></span> <span class='ocrx_word' id='word_1_131' title='bbox 623 1671 686 1707; x_wconf 85' lang='lat' dir='ltr'><strong>tibi</strong></span> <span class='ocrx_word' id='word_1_132' title='bbox 727 1672 792 1707; x_wconf 82' lang='lat' dir='ltr'><strong>iam</strong></span> <span class='ocrx_word' id='word_1_133' title='bbox 824 1672 892 1707; x_wconf 82' lang='lat' dir='ltr'><strong>iam</strong></span> <span class='ocrx_word' id='word_1_134' title='bbox 924 1671 955 1707; x_wconf 95' lang='lat' dir='ltr'><em>Z</em></span> <span class='ocrx_word' id='word_1_135' title='bbox 991 1673 1057 1708; x_wconf 79' lang='lat' dir='ltr'><strong>iam</strong></span> <span class='ocrx_word' id='word_1_136' title='bbox 1097 1673 1163 1708; x_wconf 83' lang='lat' dir='ltr'><strong>iam</strong></span> <span class='ocrx_word' id='word_1_137' title='bbox 1196 1671 1258 1708; x_wconf 88' lang='lat' dir='ltr'><strong>tibi</strong></span> <span class='ocrx_word' id='word_1_138' title='bbox 1293 1673 1501 1709; x_wconf 75' lang='lat' dir='ltr'><em>Vossianus</em></span> <span class='ocrx_word' id='word_1_139' title='bbox 1531 1677 1625 1709; x_wconf 77' lang='lat' dir='ltr'><strong>teste</strong></span> 
     </span>
     <span class='ocr_line' id='line_1_21' title="bbox 106 1728 1623 1773; baseline 0.001 -10"><span class='ocrx_word' id='word_1_140' title='bbox 106 1728 347 1773; x_wconf 77' lang='lat' dir='ltr'><strong>Rurmmmo,</strong></span> <span class='ocrx_word' id='word_1_141' title='bbox 393 1729 546 1764; x_wconf 76' lang='lat' dir='ltr'><strong>Veneta.</strong></span> <span class='ocrx_word' id='word_1_142' title='bbox 654 1729 810 1763; x_wconf 79' lang='lat' dir='ltr'><strong>minatur</strong></span> <span class='ocrx_word' id='word_1_143' title='bbox 839 1738 858 1765; x_wconf 91' lang='grc' dir='ltr'>ε</span> <span class='ocrx_word' id='word_1_144' title='bbox 988 1729 1011 1765; x_wconf 83' lang='grc'><strong>6</strong></span> <span class='ocrx_word' id='word_1_145' title='bbox 1042 1728 1191 1764; x_wconf 85' lang='lat' dir='ltr'><strong>Coetera</strong></span> <span class='ocrx_word' id='word_1_146' title='bbox 1224 1728 1258 1764; x_wconf 90' lang='lat' dir='ltr'><em>R</em></span> <span class='ocrx_word' id='word_1_147' title='bbox 1382 1729 1403 1765; x_wconf 87' lang='grc'>7</span> <span class='ocrx_word' id='word_1_148' title='bbox 1436 1730 1623 1765; x_wconf 83' lang='lat' dir='ltr'><strong>conamine</strong></span> 
     </span>
     <span class='ocr_line' id='line_1_22' title="bbox 105 1783 1622 1832; baseline 0.001 -12"><span class='ocrx_word' id='word_1_149' title='bbox 105 1786 350 1820; x_wconf 80' lang='lat' dir='ltr'><strong><em>Burmannus</em></strong></span> <span class='ocrx_word' id='word_1_150' title='bbox 465 1784 488 1820; x_wconf 85' lang='lat'><em>8</em></span> <span class='ocrx_word' id='word_1_151' title='bbox 521 1784 671 1820; x_wconf 79' lang='lat' dir='ltr'><strong>conruit</strong></span> <span class='ocrx_word' id='word_1_152' title='bbox 692 1785 728 1820; x_wconf 88' lang='lat' dir='ltr'><em>B</em></span> <span class='ocrx_word' id='word_1_153' title='bbox 759 1783 903 1820; x_wconf 79' lang='lat' dir='ltr'><strong>Corruit</strong></span> <span class='ocrx_word' id='word_1_154' title='bbox 924 1784 1084 1822; x_wconf 76' lang='lat' dir='ltr'><strong>HXZeoc</strong></span> <span class='ocrx_word' id='word_1_155' title='bbox 1115 1785 1239 1821; x_wconf 86' lang='lat' dir='ltr'><strong>Coruit</strong></span> <span class='ocrx_word' id='word_1_156' title='bbox 1261 1786 1296 1821; x_wconf 84' lang='lat' dir='ltr'><em>R</em></span> <span class='ocrx_word' id='word_1_157' title='bbox 1385 1791 1419 1821; x_wconf 89' lang='lat' dir='ltr'><strong>et</strong></span> <span class='ocrx_word' id='word_1_158' title='bbox 1451 1785 1488 1831; x_wconf 69' lang='lat' dir='ltr'><strong>(i.</strong></span> <span class='ocrx_word' id='word_1_159' title='bbox 1513 1796 1544 1821; x_wconf 84' lang='lat' dir='ltr'><strong>e.</strong></span> <span class='ocrx_word' id='word_1_160' title='bbox 1569 1785 1622 1832; x_wconf 87' lang='lat' dir='ltr'><strong>ec)</strong></span> 
     </span>
     <span class='ocr_line' id='line_1_23' title="bbox 100 1840 1620 1888; baseline 0.002 -13"><span class='ocrx_word' id='word_1_161' title='bbox 100 1841 212 1888; x_wconf 77' lang='lat' dir='ltr'><strong>patria</strong></span> <span class='ocrx_word' id='word_1_162' title='bbox 244 1840 343 1878; x_wconf 77' lang='lat' dir='ltr'><strong>HXe</strong></span> <span class='ocrx_word' id='word_1_163' title='bbox 460 1840 482 1876; x_wconf 87' lang='lat'>9</span> <span class='ocrx_word' id='word_1_164' title='bbox 515 1840 579 1876; x_wconf 89' lang='lat' dir='ltr'><strong>dec</strong></span> <span class='ocrx_word' id='word_1_165' title='bbox 610 1840 650 1876; x_wconf 92' lang='lat' dir='ltr'><em>H</em></span> <span class='ocrx_word' id='word_1_166' title='bbox 680 1840 785 1876; x_wconf 89' lang='lat' dir='ltr'><strong>deum</strong></span> <span class='ocrx_word' id='word_1_167' title='bbox 806 1841 879 1886; x_wconf 85' lang='grc' dir='ltr'><strong>Χε,</strong></span> <span class='ocrx_word' id='word_1_168' title='bbox 925 1842 1132 1878; x_wconf 81' lang='lat' dir='ltr'><em>Vossianus</em></span> <span class='ocrx_word' id='word_1_169' title='bbox 1163 1846 1256 1878; x_wconf 86' lang='lat' dir='ltr'><strong>teste</strong></span> <span class='ocrx_word' id='word_1_170' title='bbox 1278 1843 1518 1887; x_wconf 77' lang='lat' dir='ltr'><strong>Burmanno,</strong></span> <span class='ocrx_word' id='word_1_171' title='bbox 1554 1843 1620 1879; x_wconf 66' lang='lat' dir='ltr'><strong>re·-</strong></span> 
     </span>
     <span class='ocr_line' id='line_1_24' title="bbox 99 1896 1624 1946; baseline 0.001 -14"><span class='ocrx_word' id='word_1_172' title='bbox 99 1902 188 1933; x_wconf 79' lang='lat' dir='ltr'><strong>nela</strong></span> <span class='ocrx_word' id='word_1_173' title='bbox 294 1898 366 1932; x_wconf 84' lang='lat' dir='ltr'><strong>ritu</strong></span> <span class='ocrx_word' id='word_1_174' title='bbox 397 1896 595 1943; x_wconf 78' lang='lat' dir='ltr'><strong>Hauplius</strong></span> <span class='ocrx_word' id='word_1_175' title='bbox 624 1902 714 1932; x_wconf 88' lang='lat' dir='ltr'><strong>nutu</strong></span> <span class='ocrx_word' id='word_1_176' title='bbox 744 1897 981 1935; x_wconf 77' lang='lat' dir='ltr'><strong>BHRXZea</strong></span> <span class='ocrx_word' id='word_1_177' title='bbox 1127 1899 1179 1935; x_wconf 88' lang='lat'><strong>10</strong></span> <span class='ocrx_word' id='word_1_178' title='bbox 1208 1900 1337 1946; x_wconf 82' lang='lat' dir='ltr'><strong>premit</strong></span> <span class='ocrx_word' id='word_1_179' title='bbox 1368 1898 1624 1935; x_wconf 73' lang='lat' dir='ltr'><strong>Rulenlcem&#39;us</strong></span> 
     </span>
    </p>
   </div>
   <div class='ocr_carea' id='block_1_6' title="bbox 99 1953 1622 2057">
    <p class='ocr_par' dir='ltr' id='par_1_11' title="bbox 99 1953 1622 2057">
     <span class='ocr_line' id='line_1_25' title="bbox 99 1953 1242 2003; baseline 0.003 -16"><span class='ocrx_word' id='word_1_180' title='bbox 99 1953 198 1988; x_wconf 81' lang='lat' dir='ltr'><strong>dedit</strong></span> <span class='ocrx_word' id='word_1_181' title='bbox 229 1953 464 1990; x_wconf 77' lang='lat' dir='ltr'><strong>BHRXZeoe</strong></span> <span class='ocrx_word' id='word_1_182' title='bbox 494 1954 566 1988; x_wconf 89' lang='lat' dir='ltr'><strong>ruit</strong></span> <span class='ocrx_word' id='word_1_183' title='bbox 597 1954 795 2000; x_wconf 79' lang='lat' dir='ltr'><strong>Hauplius</strong></span> <span class='ocrx_word' id='word_1_184' title='bbox 825 1955 920 2002; x_wconf 80' lang='lat' dir='ltr'><strong>regit</strong></span> <span class='ocrx_word' id='word_1_185' title='bbox 951 1954 1242 2003; x_wconf 69' lang='lat' dir='ltr'><strong>Hertzberyius.</strong></span> 
     </span>
     <span class='ocr_line' id='line_1_26' title="bbox 213 2008 1622 2057; baseline 0.002 -13"><span class='ocrx_word' id='word_1_186' title='bbox 213 2009 298 2044; x_wconf 81' lang='lat' dir='ltr'><strong>xm.</strong></span> <span class='ocrx_word' id='word_1_187' title='bbox 351 2009 372 2044; x_wconf 92' lang='lat'>1</span> <span class='ocrx_word' id='word_1_188' title='bbox 407 2008 664 2057; x_wconf 73' lang='lat' dir='ltr'><strong>Quodcumque</strong></span> <span class='ocrx_word' id='word_1_189' title='bbox 696 2010 731 2045; x_wconf 91' lang='lat' dir='ltr'><em>B</em></span> <span class='ocrx_word' id='word_1_190' title='bbox 817 2010 853 2046; x_wconf 88' lang='lat' dir='ltr'><strong>hi</strong></span> <span class='ocrx_word' id='word_1_191' title='bbox 882 2010 1047 2046; x_wconf 77' lang='lat' dir='ltr'><strong>referunt</strong></span> <span class='ocrx_word' id='word_1_192' title='bbox 1078 2011 1115 2046; x_wconf 89' lang='lat' dir='ltr'><em>B</em></span> <span class='ocrx_word' id='word_1_193' title='bbox 1200 2012 1296 2047; x_wconf 87' lang='lat' dir='ltr'><strong>uarie</strong></span> <span class='ocrx_word' id='word_1_194' title='bbox 1327 2011 1363 2046; x_wconf 83' lang='lat' dir='ltr'><em>R</em></span> <span class='ocrx_word' id='word_1_195' title='bbox 1479 2011 1502 2047; x_wconf 83' lang='lat'>2</span> <span class='ocrx_word' id='word_1_196' title='bbox 1535 2011 1622 2047; x_wconf 76' lang='lat' dir='ltr'><strong>Pan-</strong></span> 
     </span>
    </p>
   </div>
   <div class='ocr_carea' id='block_1_7' title="bbox 101 2065 1620 2251">
    <p class='ocr_par' dir='ltr' id='par_1_12' title="bbox 101 2065 1620 2251">
     <span class='ocr_line' id='line_1_27' title="bbox 101 2065 1618 2115; baseline 0.003 -15"><span class='ocrx_word' id='word_1_197' title='bbox 101 2076 186 2113; x_wconf 84' lang='lat' dir='ltr'><strong>gere</strong></span> <span class='ocrx_word' id='word_1_198' title='bbox 216 2065 385 2103; x_wconf 80' lang='lat' dir='ltr'><strong>HRXZe</strong></span> <span class='ocrx_word' id='word_1_199' title='bbox 501 2077 570 2114; x_wconf 83' lang='lat' dir='ltr'><strong>qua</strong></span> <span class='ocrx_word' id='word_1_200' title='bbox 609 2067 653 2102; x_wconf 88' lang='lat' dir='ltr'><em>X</em></span> <span class='ocrx_word' id='word_1_201' title='bbox 771 2078 896 2114; x_wconf 83' lang='lat' dir='ltr'><strong>quasq.</strong></span> <span class='ocrx_word' id='word_1_202' title='bbox 929 2067 1063 2103; x_wconf 88' lang='lat' dir='ltr'><strong>uideris</strong></span> <span class='ocrx_word' id='word_1_203' title='bbox 1096 2067 1136 2102; x_wconf 86' lang='lat' dir='ltr'><em>H</em></span> <span class='ocrx_word' id='word_1_204' title='bbox 1203 2097 1212 2104; x_wconf 69' lang='grc'>,</span> <span class='ocrx_word' id='word_1_205' title='bbox 1279 2067 1302 2104; x_wconf 85' lang='grc'><strong>3</strong></span> <span class='ocrx_word' id='word_1_206' title='bbox 1334 2067 1525 2115; x_wconf 77' lang='lat' dir='ltr'><strong>Disperiam</strong></span> <span class='ocrx_word' id='word_1_207' title='bbox 1557 2068 1618 2105; x_wconf 86' lang='grc' dir='ltr'><strong>Ηε</strong></span> 
     </span>
     <span class='ocr_line' id='line_1_28' title="bbox 184 2139 1620 2194; baseline 0.001 -15"><span class='ocrx_word' id='word_1_208' title='bbox 184 2139 237 2184; x_wconf 66' lang='lat' dir='ltr'><strong>ss,</strong></span> <span class='ocrx_word' id='word_1_209' title='bbox 269 2150 304 2181; x_wconf 87' lang='lat' dir='ltr'><strong>te</strong></span> <span class='ocrx_word' id='word_1_210' title='bbox 334 2144 372 2180; x_wconf 91' lang='lat' dir='ltr'><em>B</em></span> <span class='ocrx_word' id='word_1_211' title='bbox 498 2143 525 2180; x_wconf 85' lang='lat'>4</span> <span class='ocrx_word' id='word_1_212' title='bbox 557 2146 616 2193; x_wconf 90' lang='lat' dir='ltr'><strong>qui</strong></span> <span class='ocrx_word' id='word_1_213' title='bbox 646 2144 774 2191; x_wconf 89' lang='lat' dir='ltr'><em>BHR,</em></span> <span class='ocrx_word' id='word_1_214' title='bbox 803 2145 979 2192; x_wconf 80' lang='lat' dir='ltr'><strong>fortasse</strong></span> <span class='ocrx_word' id='word_1_215' title='bbox 1011 2151 1128 2191; x_wconf 80' lang='lat' dir='ltr'><strong>reete,</strong></span> <span class='ocrx_word' id='word_1_216' title='bbox 1160 2148 1193 2182; x_wconf 82' lang='lat' dir='ltr'><strong>si</strong></span> <span class='ocrx_word' id='word_1_217' title='bbox 1222 2146 1414 2182; x_wconf 77' lang='lat' dir='ltr'><strong>ablativus</strong></span> <span class='ocrx_word' id='word_1_218' title='bbox 1443 2151 1510 2182; x_wconf 79' lang='lat' dir='ltr'><strong>est.</strong></span> <span class='ocrx_word' id='word_1_219' title='bbox 1542 2148 1620 2194; x_wconf 75' lang='lat' dir='ltr'><strong>quis</strong></span> 
     </span>
     <span class='ocr_line' id='line_1_29' title="bbox 101 2197 1620 2251; baseline 0.002 -16"><span class='ocrx_word' id='word_1_220' title='bbox 101 2201 177 2238; x_wconf 83' lang='grc' dir='ltr'><em>Ζεοι</em></span> <span class='ocrx_word' id='word_1_221' title='bbox 278 2197 419 2251; x_wconf 82' lang='lat' dir='ltr'><strong>potest]</strong></span> <span class='ocrx_word' id='word_1_222' title='bbox 453 2198 562 2249; x_wconf 68' lang='lat' dir='ltr'><em>pr</em></span> <span class='ocrx_word' id='word_1_223' title='bbox 596 2200 697 2248; x_wconf 80' lang='lat' dir='ltr'><strong>(item</strong></span> <span class='ocrx_word' id='word_1_224' title='bbox 728 2215 761 2238; x_wconf 85' lang='lat' dir='ltr'><strong>v.</strong></span> <span class='ocrx_word' id='word_1_225' title='bbox 795 2201 834 2248; x_wconf 80' lang='lat'><strong>8)</strong></span> <span class='ocrx_word' id='word_1_226' title='bbox 977 2201 1001 2238; x_wconf 88' lang='grc'>5</span> <span class='ocrx_word' id='word_1_227' title='bbox 1033 2202 1095 2238; x_wconf 86' lang='lat' dir='ltr'><strong>Cui</strong></span> <span class='ocrx_word' id='word_1_228' title='bbox 1127 2203 1248 2238; x_wconf 87' lang='lat' dir='ltr'><strong>iuueni</strong></span> <span class='ocrx_word' id='word_1_229' title='bbox 1278 2202 1315 2237; x_wconf 91' lang='lat' dir='ltr'><em>B</em></span> <span class='ocrx_word' id='word_1_230' title='bbox 1344 2201 1408 2238; x_wconf 84' lang='lat' dir='ltr'><strong>Cui</strong></span> <span class='ocrx_word' id='word_1_231' title='bbox 1439 2204 1620 2238; x_wconf 85' lang='lat' dir='ltr'><strong>cumueuit</strong></span> 
     </span>
    </p>
   </div>
   <div class='ocr_carea' id='block_1_8' title="bbox 98 2257 1621 2420">
    <p class='ocr_par' dir='ltr' id='par_1_13' title="bbox 98 2257 1621 2420">
     <span class='ocr_line' id='line_1_30' title="bbox 101 2257 1614 2303; baseline 0.001 -11"><span class='ocrx_word' id='word_1_232' title='bbox 101 2257 176 2292; x_wconf 85' lang='lat' dir='ltr'><strong>HR</strong></span> <span class='ocrx_word' id='word_1_233' title='bbox 206 2257 267 2293; x_wconf 89' lang='lat' dir='ltr'><strong>Cui</strong></span> <span class='ocrx_word' id='word_1_234' title='bbox 300 2258 470 2294; x_wconf 87' lang='lat' dir='ltr'><strong>conuenit</strong></span> <span class='ocrx_word' id='word_1_235' title='bbox 500 2259 531 2294; x_wconf 95' lang='lat' dir='ltr'><em>Z</em></span> <span class='ocrx_word' id='word_1_236' title='bbox 559 2258 730 2294; x_wconf 87' lang='lat' dir='ltr'><strong>conuenit</strong></span> <span class='ocrx_word' id='word_1_237' title='bbox 744 2259 816 2303; x_wconf 82' lang='grc' dir='ltr'><strong>Χε,</strong></span> <span class='ocrx_word' id='word_1_238' title='bbox 849 2258 990 2294; x_wconf 74' lang='lat' dir='ltr'><strong>Veneta</strong></span> <span class='ocrx_word' id='word_1_239' title='bbox 1022 2259 1079 2294; x_wconf 89' lang='lat' dir='ltr'><strong>cui</strong></span> <span class='ocrx_word' id='word_1_240' title='bbox 1108 2259 1227 2294; x_wconf 86' lang='lat' dir='ltr'><strong>Venus</strong></span> <span class='ocrx_word' id='word_1_241' title='bbox 1258 2271 1283 2293; x_wconf 86' lang='grc' dir='ltr'>α</span> <span class='ocrx_word' id='word_1_242' title='bbox 1371 2258 1443 2294; x_wconf 82' lang='grc' dir='ltr'><strong>(1ἰυί</strong></span> <span class='ocrx_word' id='word_1_243' title='bbox 1476 2258 1614 2295; x_wconf 85' lang='lat' dir='ltr'><strong>diuom-</strong></span> 
     </span>
     <span class='ocr_line' id='line_1_31' title="bbox 100 2312 1621 2363; baseline 0.002 -15"><span class='ocrx_word' id='word_1_244' title='bbox 100 2325 169 2360; x_wconf 87' lang='lat' dir='ltr'><strong>que</strong></span> <span class='ocrx_word' id='word_1_245' title='bbox 206 2314 327 2359; x_wconf 76' lang='lat' dir='ltr'><strong>BXa,</strong></span> <span class='ocrx_word' id='word_1_246' title='bbox 373 2315 531 2360; x_wconf 79' lang='lat' dir='ltr'><strong>Veneta,</strong></span> <span class='ocrx_word' id='word_1_247' title='bbox 574 2326 642 2350; x_wconf 89' lang='lat' dir='ltr'><strong>om.</strong></span> <span class='ocrx_word' id='word_1_248' title='bbox 682 2314 713 2349; x_wconf 94' lang='lat' dir='ltr'><em>Z</em></span> <span class='ocrx_word' id='word_1_249' title='bbox 741 2314 814 2349; x_wconf 87' lang='lat' dir='ltr'><strong>diui</strong></span> <span class='ocrx_word' id='word_1_250' title='bbox 852 2313 1051 2361; x_wconf 88' lang='lat' dir='ltr'><strong>diuumque</strong></span> <span class='ocrx_word' id='word_1_251' title='bbox 1081 2324 1101 2352; x_wconf 80' lang='grc' dir='ltr'>ε</span> <span class='ocrx_word' id='word_1_252' title='bbox 1151 2314 1223 2350; x_wconf 87' lang='lat' dir='ltr'><strong>diui</strong></span> <span class='ocrx_word' id='word_1_253' title='bbox 1263 2312 1367 2362; x_wconf 72' lang='lat' dir='ltr'><strong>difiq·</strong></span> <span class='ocrx_word' id='word_1_254' title='bbox 1391 2315 1436 2350; x_wconf 87' lang='lat' dir='ltr'><em>H</em></span> <span class='ocrx_word' id='word_1_255' title='bbox 1461 2326 1506 2363; x_wconf 79' lang='lat'><strong>(13</strong></span> <span class='ocrx_word' id='word_1_256' title='bbox 1533 2321 1621 2362; x_wconf 72' lang='lat' dir='ltr'><strong>post</strong></span> 
     </span>
     <span class='ocr_line' id='line_1_32' title="bbox 98 2369 1619 2420; baseline 0.001 -15"><span class='ocrx_word' id='word_1_257' title='bbox 98 2371 280 2406; x_wconf 79' lang='lat' dir='ltr'><strong>lacunam</strong></span> <span class='ocrx_word' id='word_1_258' title='bbox 312 2369 345 2405; x_wconf 88' lang='lat' dir='ltr'><em>R</em></span> <span class='ocrx_word' id='word_1_259' title='bbox 473 2381 619 2406; x_wconf 88' lang='lat' dir='ltr'><strong>sorores</strong></span> <span class='ocrx_word' id='word_1_260' title='bbox 655 2370 743 2405; x_wconf 81' lang='lat' dir='ltr'><strong>BZoc</strong></span> <span class='ocrx_word' id='word_1_261' title='bbox 775 2369 916 2405; x_wconf 84' lang='lat' dir='ltr'><strong>furores</strong></span> <span class='ocrx_word' id='word_1_262' title='bbox 949 2370 1099 2412; x_wconf 71' lang='lat' dir='ltr'><strong>HRXe,</strong></span> <span class='ocrx_word' id='word_1_263' title='bbox 1143 2372 1286 2408; x_wconf 76' lang='lat' dir='ltr'><strong>Veneta</strong></span> <span class='ocrx_word' id='word_1_264' title='bbox 1417 2371 1440 2408; x_wconf 88' lang='grc'><strong>6</strong></span> <span class='ocrx_word' id='word_1_265' title='bbox 1472 2372 1619 2420; x_wconf 78' lang='lat' dir='ltr'><strong>indigna</strong></span> 
     </span>
    </p>
   </div>
   <div class='ocr_carea' id='block_1_9' title="bbox 100 2426 1618 2505">
    <p class='ocr_par' dir='ltr' id='par_1_14' title="bbox 100 2426 1618 2505">
     <span class='ocr_line' id='line_1_33' title="bbox 100 2426 1618 2481; baseline 0.002 -20"><span class='ocrx_word' id='word_1_266' title='bbox 100 2426 141 2461; x_wconf 83' lang='lat' dir='ltr'><em>X</em></span> <span class='ocrx_word' id='word_1_267' title='bbox 224 2426 320 2461; x_wconf 84' lang='lat' dir='ltr'><strong>Musa</strong></span> <span class='ocrx_word' id='word_1_268' title='bbox 351 2438 396 2461; x_wconf 84' lang='grc' dir='ltr'><strong>α.-</strong></span> <span class='ocrx_word' id='word_1_269' title='bbox 428 2429 638 2463; x_wconf 80' lang='lat' dir='ltr'><strong>vocativum</strong></span> <span class='ocrx_word' id='word_1_270' title='bbox 669 2428 819 2474; x_wconf 69' lang='lat' dir='ltr'><strong>aquom</strong></span> <span class='ocrx_word' id='word_1_271' title='bbox 850 2426 1037 2475; x_wconf 72' lang='lat' dir='ltr'><strong>Scaliyer.</strong></span> <span class='ocrx_word' id='word_1_272' title='bbox 1068 2427 1190 2481; x_wconf 33' lang='lat' dir='ltr'><strong>&#39;multa</strong></span> <span class='ocrx_word' id='word_1_273' title='bbox 1220 2427 1444 2476; x_wconf 75' lang='lat' dir='ltr'><strong>BHRXZe‚</strong></span> <span class='ocrx_word' id='word_1_274' title='bbox 1477 2429 1618 2465; x_wconf 77' lang='lat' dir='ltr'><strong>Venela</strong></span> 
     </span>
     <span class='ocr_line' id='line_1_34' title="bbox 320 2483 332 2505; baseline 0 0"><span class='ocrx_word' id='word_1_275' title='bbox 320 2483 332 2505; x_wconf 82' lang='grc' dir='ltr'>ἴ</span> 
     </span>
    </p>
   </div>
   <div class='ocr_carea' id='block_1_10' title="bbox 185 2515 1618 2566">
    <p class='ocr_par' dir='ltr' id='par_1_15' title="bbox 185 2515 1618 2566">
     <span class='ocr_line' id='line_1_35' title="bbox 185 2515 1618 2566; baseline 0.002 -16"><span class='ocrx_word' id='word_1_276' title='bbox 185 2515 316 2552; x_wconf 86' lang='lat' dir='ltr'><strong>dedere</strong></span> <span class='ocrx_word' id='word_1_277' title='bbox 346 2517 390 2552; x_wconf 89' lang='lat' dir='ltr'><em>X</em></span> <span class='ocrx_word' id='word_1_278' title='bbox 508 2517 530 2553; x_wconf 85' lang='lat'>7</span> <span class='ocrx_word' id='word_1_279' title='bbox 563 2515 721 2564; x_wconf 79' lang='lat' dir='ltr'><strong>gaudent</strong></span> <span class='ocrx_word' id='word_1_280' title='bbox 751 2516 820 2552; x_wconf 87' lang='lat' dir='ltr'><strong>RZ</strong></span> <span class='ocrx_word' id='word_1_281' title='bbox 922 2516 1031 2564; x_wconf 86' lang='lat' dir='ltr'><strong>phebi</strong></span> <span class='ocrx_word' id='word_1_282' title='bbox 1060 2517 1193 2554; x_wconf 89' lang='lat' dir='ltr'><strong>chorus</strong></span> <span class='ocrx_word' id='word_1_283' title='bbox 1223 2518 1372 2566; x_wconf 89' lang='lat' dir='ltr'><strong>ipseque</strong></span> <span class='ocrx_word' id='word_1_284' title='bbox 1402 2517 1541 2565; x_wconf 85' lang='lat' dir='ltr'><strong>phebus</strong></span> <span class='ocrx_word' id='word_1_285' title='bbox 1577 2520 1618 2559; x_wconf 88' lang='lat' dir='ltr'><strong>B,</strong></span> 
     </span>
    </p>
   </div>
   <div class='ocr_carea' id='block_1_11' title="bbox 101 2594 1619 2869">
    <p class='ocr_par' dir='ltr' id='par_1_16' title="bbox 101 2594 1619 2869">
     <span class='ocr_line' id='line_1_36' title="bbox 102 2594 1617 2645; baseline 0.002 -15"><span class='ocrx_word' id='word_1_286' title='bbox 102 2600 143 2630; x_wconf 82' lang='lat' dir='ltr'><strong>ut</strong></span> <span class='ocrx_word' id='word_1_287' title='bbox 173 2597 247 2630; x_wconf 80' lang='lat' dir='ltr'><strong>iam</strong></span> <span class='ocrx_word' id='word_1_288' title='bbox 271 2594 447 2643; x_wconf 69' lang='lat' dir='ltr'><strong>Scaliqer</strong></span> <span class='ocrx_word' id='word_1_289' title='bbox 477 2597 678 2632; x_wconf 77' lang='lat' dir='ltr'><strong>ordinavit.</strong></span> <span class='ocrx_word' id='word_1_290' title='bbox 710 2594 842 2643; x_wconf 88' lang='lat' dir='ltr'><strong>phoebi</strong></span> <span class='ocrx_word' id='word_1_291' title='bbox 871 2596 965 2643; x_wconf 92' lang='lat' dir='ltr'><strong>ipiq·</strong></span> <span class='ocrx_word' id='word_1_292' title='bbox 997 2596 1150 2643; x_wconf 88' lang='lat' dir='ltr'><strong>phoebei</strong></span> <span class='ocrx_word' id='word_1_293' title='bbox 1181 2596 1212 2631; x_wconf 92' lang='lat' dir='ltr'><em>Z</em></span> <span class='ocrx_word' id='word_1_294' title='bbox 1240 2597 1347 2644; x_wconf 88' lang='lat' dir='ltr'><strong>phebi</strong></span> <span class='ocrx_word' id='word_1_295' title='bbox 1378 2598 1480 2645; x_wconf 90' lang='lat' dir='ltr'><strong>ipeq·</strong></span> <span class='ocrx_word' id='word_1_296' title='bbox 1512 2597 1617 2645; x_wconf 87' lang='lat' dir='ltr'><strong>phebi</strong></span> 
     </span>
     <span class='ocr_line' id='line_1_37' title="bbox 103 2649 1619 2700; baseline 0.004 -15"><span class='ocrx_word' id='word_1_297' title='bbox 103 2650 145 2686; x_wconf 87' lang='grc' dir='ltr'><em>Η</em></span> <span class='ocrx_word' id='word_1_298' title='bbox 170 2650 302 2698; x_wconf 87' lang='lat' dir='ltr'><strong>phoebi</strong></span> <span class='ocrx_word' id='word_1_299' title='bbox 340 2649 442 2699; x_wconf 66' lang='lat' dir='ltr'><strong>ipeq3</strong></span> <span class='ocrx_word' id='word_1_300' title='bbox 479 2651 632 2699; x_wconf 88' lang='lat' dir='ltr'><strong>phoebei</strong></span> <span class='ocrx_word' id='word_1_301' title='bbox 665 2651 700 2687; x_wconf 83' lang='lat' dir='ltr'><em>R</em></span> <span class='ocrx_word' id='word_1_302' title='bbox 730 2650 896 2687; x_wconf 87' lang='lat' dir='ltr'><strong>Phoebus</strong></span> <span class='ocrx_word' id='word_1_303' title='bbox 935 2651 1023 2687; x_wconf 90' lang='lat' dir='ltr'><strong>deus</strong></span> <span class='ocrx_word' id='word_1_304' title='bbox 1062 2653 1211 2700; x_wconf 85' lang='lat' dir='ltr'><strong>ipseque</strong></span> <span class='ocrx_word' id='word_1_305' title='bbox 1241 2653 1385 2689; x_wconf 85' lang='lat' dir='ltr'><strong>Phoebo</strong></span> <span class='ocrx_word' id='word_1_306' title='bbox 1415 2654 1476 2690; x_wconf 86' lang='grc' dir='ltr'><strong>Χε</strong></span> <span class='ocrx_word' id='word_1_307' title='bbox 1505 2653 1619 2690; x_wconf 86' lang='lat' dir='ltr'><strong>Phoe-</strong></span> 
     </span>
     <span class='ocr_line' id='line_1_38' title="bbox 101 2704 1618 2758; baseline 0.003 -16"><span class='ocrx_word' id='word_1_308' title='bbox 101 2704 178 2747; x_wconf 57' lang='lat' dir='ltr'><strong>bue,</strong></span> <span class='ocrx_word' id='word_1_309' title='bbox 210 2707 341 2743; x_wconf 84' lang='lat' dir='ltr'><strong>chorus</strong></span> <span class='ocrx_word' id='word_1_310' title='bbox 372 2709 521 2756; x_wconf 85' lang='lat' dir='ltr'><strong>ipseque</strong></span> <span class='ocrx_word' id='word_1_311' title='bbox 551 2706 686 2744; x_wconf 87' lang='lat' dir='ltr'><strong>Phoebi</strong></span> <span class='ocrx_word' id='word_1_312' title='bbox 715 2720 740 2742; x_wconf 87' lang='grc' dir='ltr'>α</span> <span class='ocrx_word' id='word_1_313' title='bbox 870 2707 894 2744; x_wconf 85' lang='grc'>8</span> <span class='ocrx_word' id='word_1_314' title='bbox 926 2719 1026 2743; x_wconf 89' lang='lat' dir='ltr'><strong>muse</strong></span> <span class='ocrx_word' id='word_1_315' title='bbox 1058 2709 1118 2746; x_wconf 88' lang='grc' dir='ltr'><strong>Ηε</strong></span> <span class='ocrx_word' id='word_1_316' title='bbox 1249 2709 1272 2746; x_wconf 89' lang='grc'><strong>9</strong></span> <span class='ocrx_word' id='word_1_317' title='bbox 1305 2706 1418 2758; x_wconf 66' lang='lat' dir='ltr'><strong>loqu?</strong></span> <span class='ocrx_word' id='word_1_318' title='bbox 1441 2710 1485 2745; x_wconf 91' lang='lat' dir='ltr'><em>H</em></span> <span class='ocrx_word' id='word_1_319' title='bbox 1567 2711 1618 2746; x_wconf 90' lang='lat' dir='ltr'><strong>io·</strong></span> 
     </span>
     <span class='ocr_line' id='line_1_39' title="bbox 101 2763 1616 2802; baseline 0.003 -4"><span class='ocrx_word' id='word_1_320' title='bbox 101 2763 251 2799; x_wconf 89' lang='lat' dir='ltr'><strong>cundior</strong></span> <span class='ocrx_word' id='word_1_321' title='bbox 285 2765 356 2800; x_wconf 86' lang='lat' dir='ltr'><strong>imo</strong></span> <span class='ocrx_word' id='word_1_322' title='bbox 396 2764 440 2800; x_wconf 91' lang='lat' dir='ltr'><em>H</em></span> <span class='ocrx_word' id='word_1_323' title='bbox 570 2764 623 2801; x_wconf 90' lang='lat'><strong>10</strong></span> <span class='ocrx_word' id='word_1_324' title='bbox 653 2763 728 2800; x_wconf 87' lang='lat' dir='ltr'><strong>Clio</strong></span> <span class='ocrx_word' id='word_1_325' title='bbox 765 2769 835 2799; x_wconf 78' lang='lat' dir='ltr'><strong>tam</strong></span> <span class='ocrx_word' id='word_1_326' title='bbox 875 2763 1124 2802; x_wconf 76' lang='lat' dir='ltr'><strong>casaubonus</strong></span> <span class='ocrx_word' id='word_1_327' title='bbox 1158 2765 1316 2802; x_wconf 85' lang='lat' dir='ltr'><strong>Clionam</strong></span> <span class='ocrx_word' id='word_1_328' title='bbox 1358 2766 1505 2802; x_wconf 89' lang='lat' dir='ltr'><em>BHXZ</em></span> <span class='ocrx_word' id='word_1_329' title='bbox 1541 2766 1616 2802; x_wconf 77' lang='lat' dir='ltr'><strong>Clio</strong></span> 
     </span>
     <span class='ocr_line' id='line_1_40' title="bbox 102 2819 587 2869; baseline 0.004 -15"><span class='ocrx_word' id='word_1_330' title='bbox 102 2830 181 2855; x_wconf 82' lang='lat' dir='ltr'><strong>nam</strong></span> <span class='ocrx_word' id='word_1_331' title='bbox 211 2829 259 2857; x_wconf 86' lang='grc' dir='ltr'><strong>εα</strong></span> <span class='ocrx_word' id='word_1_332' title='bbox 288 2819 363 2856; x_wconf 88' lang='lat' dir='ltr'><strong>Clio</strong></span> <span class='ocrx_word' id='word_1_333' title='bbox 393 2831 521 2869; x_wconf 71' lang='lat' dir='ltr'><strong>uamqg</strong></span> <span class='ocrx_word' id='word_1_334' title='bbox 552 2820 587 2856; x_wconf 85' lang='lat' dir='ltr'><em>R</em></span> 
     </span>
    </p>
   </div>
   <div class='ocr_carea' id='block_1_12' title="bbox 1258 2886 1344 2927">
    <p class='ocr_par' dir='ltr' id='par_1_17' title="bbox 1258 2886 1344 2927">
     <span class='ocr_line' id='line_1_41' title="bbox 1258 2886 1344 2927; baseline 0 0"><span class='ocrx_word' id='word_1_335' title='bbox 1258 2886 1344 2927; x_wconf 60' lang='lat'><strong>11²2</strong></span> 
     </span>
    </p>
   </div>
  </div>
 </body>
</html>
