1884 3126
358 145 436 186 142
522 150 525 151 ⁷
993 161 1203 188 MORETUM-

466 273 504 306 et
532 269 658 318 gravis
687 269 727 306 in
756 268 874 307 latum
906 269 1059 308 dimissa
1092 270 1289 309 cucurbita
1322 275 1506 308 ventrem.

464 345 596 372 verum
626 334 688 373 hic
717 346 794 373 non
826 335 970 374 domini
1002 334 1100 386 (quis
1131 329 1234 374 enim
1264 337 1497 375 contractior
1525 336 1644 390 illo?)‚

466 400 533 439 sed
563 400 695 452 populi
723 406 933 451 proventus
964 405 1066 447 erat,
1098 402 1289 451 nonisque
1319 402 1456 442 diebus
1790 407 1843 446 80

467 466 617 506 venales
647 480 782 506 umero
813 468 936 507 fasces
964 467 1141 519 portabat
1168 469 1208 506 in
1238 467 1397 507 urbem:

464 533 555 571 inde
585 533 741 572 domum
772 534 920 572 cervice
950 532 1062 578 levis,
1094 529 1218 584 gravis
1248 546 1338 573 aere
1367 534 1529 581 redibat,

464 601 525 638 vix
557 611 739 649 umquam
771 599 910 639 urbani
940 601 1145 639 comitatus
1175 612 1305 639 merce
1335 600 1501 640 macelli.

466 678 583 718 caepa
612 666 759 705 rubens
789 668 960 716 sectique
989 667 1128 705 samem
1161 666 1290 706 domat
1319 679 1407 706 area
1437 669 1544 718 porri

465 744 639 785 quaeque
669 732 826 771 trahunt
854 733 934 771 acri
963 732 1087 771 voltus
1117 734 1306 772 nasturtia
1335 746 1468 773 morsu
1790 738 1841 775 85

465 797 663 848 intibaque
695 803 730 837 et
761 811 940 837 venerem
971 811 1157 838 revocans
1188 811 1303 839 eruca
1333 806 1560 839 morantem.

518 864 626 904 Tunc
657 876 811 915 quoque
843 863 916 903 tale
946 864 1087 916 aliquid
1118 865 1309 905 meditans
1338 867 1546 906 intraverat
1577 867 1740 906 hortum.

464 943 507 969 ac
536 931 722 982 primum,
753 930 890 969 leviter
921 929 1049 981 digitis
1079 930 1216 970 tellure
1245 932 1404 978 refossa,

465 1002 645 1048 quattuor
676 997 805 1036 educit
835 1009 922 1035 cum
952 997 1087 1048 spissis
1117 997 1203 1036 allia
1233 997 1359 1042 fibris;

464 1064 553 1102 inde
584 1076 712 1103 comas
743 1064 819 1114 apii
849 1063 1004 1112 gracilis
1034 1068 1239 1114 rutamque
1268 1066 1459 1115 rigentem
1789 1068 1841 1107 90

463 1130 568 1169 vellit
598 1136 635 1170 et
666 1132 802 1180 exiguo
834 1129 1035 1168 coriandra
1065 1131 1270 1169 trementia
1300 1130 1375 1169 filo.

414 1239 421 1245 ,
463 1197 558 1235 hacc
588 1196 654 1236 ubi
686 1195 856 1247 collegit,
889 1195 1031 1234 laetum
1062 1196 1234 1235 consedit
1264 1196 1308 1235 ad
1339 1197 1466 1246 ignem

352 1293 573 1340 Plurimaque
611 1294 645 1328 in
687 1297 815 1328 terram
855 1291 1010 1327 detrudit
1047 1292 1201 1327 acumina
1240 1291 1336 1327 radix
1373 1292 1506 1339 Hmf.
1542 1292 1658 1330 Ovidii
1691 1299 1836 1331 metum.

351 1348 394 1383 xl
417 1349 466 1384 72
487 1348 710 1395 Plurimaque
739 1349 775 1383 in
797 1353 924 1383 terram
944 1348 1100 1383 acumina
1119 1347 1213 1385 radix
1235 1347 1390 1382 detrudit
1422 1348 1451 1383 V
1520 1351 1643 1394 possis
1669 1350 1839 1395 fortasse

350 1403 498 1450 plurima
527 1402 574 1439 ibi
603 1403 747 1450 raphani
777 1405 968 1449 supplere.
1086 1402 1136 1438 ’78
1166 1401 1314 1438 demissa
1335 1402 1497 1449 HVZpoc
1611 1404 1660 1440 79
1683 1405 1747 1440 hec
1768 1407 1838 1441 abc

434 1455 544 1507 enim]
576 1458 632 1493 hic
665 1458 698 1493 T
783 1458 845 1493 illo
875 1462 930 1493 est
960 1457 1026 1504 Hp
1138 1457 1191 1493 80
1220 1462 1376 1504 puentus
1402 1470 1430 1504 p
1459 1458 1639 1505 profectus
1669 1459 1838 1496 FOSabc

433 1514 534 1549 nonis
555 1514 735 1550 Pithoeus
764 1514 858 1548 notis
880 1517 946 1548 aut
968 1513 1070 1548 nonis
1101 1510 1339 1548 ‘membrana
1362 1513 1511 1549 Pithoei
1537 1516 1695 1561 itemque
1715 1514 1838 1551 aliae'

350 1574 442 1605 teste
474 1569 666 1616 Scaliyero
696 1569 790 1604 notis
826 1567 1144 1614 BHSTVYabcp
1163 1580 1209 1603 m.
1234 1568 1254 1603 1
1273 1577 1293 1604 ε
1322 1569 1435 1604 noetis
1473 1569 1533 1615 Fp
1547 1581 1592 1605 m.
1613 1569 1636 1604 2
1666 1570 1789 1606 noctes
1811 1572 1841 1606 Z

350 1625 454 1660 certis
486 1625 626 1671 Reyius
655 1623 698 1664 4,
729 1636 754 1658 α
839 1634 883 1658 ue
917 1624 949 1658 Τ
1084 1623 1133 1659 81
1167 1633 1288 1658 umero
1322 1623 1350 1659 0
1387 1624 1532 1659 humero
1570 1625 1838 1672 EFHSZabcp

349 1680 498 1715 humore
518 1679 595 1714 AY
618 1680 776 1721 humeris
799 1679 829 1714 G
860 1679 1004 1714 homero
1035 1678 1170 1714 Dresd.
1203 1678 1338 1713 olerum
1367 1679 1442 1716 Vea
1473 1679 1634 1715 holerum
1660 1681 1693 1715 Τ
1709 1679 1837 1716 holorfi

348 1747 394 1771 m.
419 1745 497 1770 rec.
518 1737 555 1770 in
585 1736 700 1770 litura
725 1736 941 1778 (erasarum
961 1735 1174 1769 litterarum
1189 1735 1315 1779 prima
1338 1738 1377 1769 ut
1393 1734 1518 1780 fuisse
1538 1735 1837 1782 Zanyemeistero

350 1792 521 1826 videatur
551 1789 591 1830 h,
621 1791 788 1825 secunda
810 1790 908 1825 velo
939 1790 1053 1829 vele,
1085 1791 1195 1824 tertia
1218 1799 1268 1828 m,
1300 1790 1427 1824 ultima
1459 1801 1491 1829 0,
1523 1794 1657 1826 utnon
1678 1791 1836 1827 dubitem

349 1848 437 1892 quin
458 1857 503 1881 m.
529 1845 548 1880 1
583 1849 649 1881 aut
680 1843 825 1880 humore
856 1848 922 1880 aut
951 1844 1097 1879 humero
1119 1842 1298 1890 extiterit)
1321 1844 1356 1878 B
1430 1844 1539 1880 sasses
1562 1844 1604 1879 II
1675 1846 1714 1881 ad
1738 1847 1781 1882 bc

349 1901 401 1937 82
423 1900 475 1947 cf.
500 1902 567 1936 ecl.
589 1899 602 1934 I
624 1899 674 1936 35
760 1900 896 1935 ceruice
927 1909 1088 1944 erasum,
1118 1900 1185 1935 sed
1211 1910 1258 1934 m.
1282 1909 1358 1935 ree.
1392 1902 1611 1945 restitutum,
1634 1911 1833 1946 suprascr.

1534 1959 1569 1971 M

350 1980 457 2014 etiam
480 1978 585 2013 aliud
602 1979 728 2013 nescio
748 1978 846 2024 quid,
869 1978 935 2012 sed
952 1978 1022 2013 hoc
1044 1987 1189 2023 quoque
1210 1987 1360 2012 erasum
1380 1979 1418 2012 in
1438 1977 1470 2012 B
1540 1978 1618 2024 guis
1639 1990 1685 2013 m.
1703 1989 1780 2014 ree.
1797 1981 1835 2014 in

348 2035 463 2069 litura
489 2033 521 2068 B
596 2043 654 2068 ere
671 2033 741 2077 ST,
761 2044 807 2067 m.
827 2043 904 2068 rec.
927 2043 1125 2078 suprascr.
1145 2033 1180 2066 B
1199 2032 1283 2067 here
1300 2043 1327 2078 p
1412 2032 1463 2068 83
1485 2043 1636 2079 unquam
1661 2033 1754 2079 TVp

348 2089 514 2129 comitat9
551 2084 643 2124 ffirce
667 2087 807 2123 Hm.1
840 2088 1025 2123 comitatus
1064 2087 1204 2122 inherte
1242 2087 1274 2122 Τ
1312 2097 1422 2122 uacua
1467 2088 1626 2123 mercede
1667 2088 1836 2124 Fosabc

347 2143 400 2190 (ut
430 2143 534 2190 vid),
574 2135 704 2179 ‘vetus
741 2142 958 2189 scriptura'
1003 2147 1094 2178 leste
1137 2141 1330 2188 Scaliyero
1389 2155 1399 2159 ·
1420 2142 1571 2177 marcelli
1602 2143 1646 2177 H
1659 2154 1705 2178 m.
1728 2144 1748 2179 1

347 2198 399 2235 84
430 2198 540 2246 Caepa
570 2199 648 2234 BF
674 2198 765 2246 Cepe
798 2199 830 2234 T
855 2198 944 2245 Cepa
975 2199 1113 2244 reliqui
1187 2196 1331 2232 ‘uehens
1362 2196 1411 2242 (lz.
1435 2207 1466 2232 e.
1499 2202 1539 2233 ut
1569 2199 1638 2232 vid.
1671 2197 1833 2242 roebens)

351 2255 383 2289 T
455 2254 556 2289 derat
576 2253 710 2289 Hm.1
799 2264 876 2288 aera
898 2254 968 2289 ube
1050 2253 1128 2300 pori
1154 2253 1183 2289 V
1209 2252 1303 2299 porti
1324 2252 1356 2287 T
1428 2252 1478 2288 85
1509 2253 1622 2287 animo
1644 2253 1682 2288 Ε
1753 2253 1831 2288 uul-

348 2315 404 2344 tus
435 2309 640 2354 BHSTYp
670 2319 753 2344 cum
778 2311 972 2355 plerisque
1001 2308 1138 2343 uultum
1181 2308 1210 2344 V
1310 2304 1481 2343 nasturcia
1512 2307 1717 2344 BHSVYe
1746 2319 1833 2343 mas-

349 2365 454 2400 turtia
484 2366 545 2410 Ep
573 2365 749 2399 nascentia
778 2365 808 2399 Z
926 2364 978 2400 86
1007 2363 1129 2398 intuba
1170 2363 1223 2408 Vp
1320 2373 1532 2410 reuocansq;
1568 2363 1599 2398 Τ
1706 2374 1832 2398 euruca

360 2421 390 2455 V
498 2419 548 2456 87
580 2419 669 2454 Tum
707 2419 745 2463 Z⁷
775 2419 945 2464 sortasse
975 2422 1078 2454 recte
1180 2418 1324 2453 intrauit
1352 2419 1388 2452 in
1418 2419 1558 2465 Reyius
1587 2417 1611 2452 4
1716 2422 1831 2453 ortum

348 2475 526 2520 HTVYp
638 2474 690 2511 88
722 2473 791 2509 Hac
822 2473 892 2509 AB
920 2474 1015 2509 Hane
1053 2474 1089 2509 Y
1165 2473 1284 2520 digitis
1313 2472 1440 2508 leuiter
1471 2473 1702 2510 Colberlinus
1723 2472 1749 2507 4

347 2529 471 2566 tellura
502 2530 530 2566 S
612 2530 730 2565 refusa
750 2529 816 2565 FO
919 2529 970 2565 89
1002 2528 1159 2572 Quatuor
1179 2527 1249 2564 HS
1261 2529 1290 2564 V
1297 2528 1447 2573 Yabcpe
1531 2529 1635 2575 spicis
1659 2527 1828 2564 ἶΑΒΤῩΕ

437 2586 509 2621 alea
542 2585 608 2622 OT
632 2585 694 2620 alia
728 2585 930 2620 Thuaueus
961 2585 983 2620 2
1116 2579 1169 2620 90
1199 2583 1336 2631 gracilis
1377 2584 1410 2619 V
1434 2583 1581 2631 graciles
1611 2582 1830 2628 BIISYZpe

347 2663 490 2711 gratiles
532 2663 564 2698 T
681 2643 880 2718 lsrligentem
925 2661 962 2709 (g
1001 2673 1102 2698 corr.
1141 2673 1186 2696 m.
1232 2662 1360 2696 eudem
1407 2670 1459 2696 ex
1499 2659 1529 2707 r)
1582 2660 1617 2695 Y
1657 2660 1829 2695 uirentem

349 2741 547 2785 EHVZpoc
679 2740 728 2776 91
760 2720 875 2789 Vellet
904 2738 1019 2786 (corr.
1052 2750 1099 2774 m.
1132 2737 1226 2785 rec.)
1257 2739 1293 2774 B
1389 2742 1424 2773 et
1454 2749 1522 2774 om.
1556 2749 1579 2772 a
1680 2742 1829 2772 tremen-

347 2798 397 2834 cia
435 2797 470 2832 Y
576 2794 648 2843 silio
682 2796 714 2830 Β
833 2795 883 2832 92
914 2795 1021 2830 letum
1061 2794 1096 2830 Y
1118 2794 1250 2830 lentum
1288 2793 1469 2829 Heinsius
1505 2794 1556 2828 acl
1586 2792 1703 2829 Ovidii
1733 2793 1826 2839 fast.
