1884 3126
737 182 956 217 MORETUM.
1535 167 1612 208 141

208 311 282 338 ncc
313 302 494 350 sumptus
525 303 608 336 crat
638 294 732 335 illud
765 307 884 347 opus,
917 293 986 333 sed
1017 291 1150 332 recula
1182 305 1312 332 curae.

206 368 238 405 si
269 366 423 417 quando
455 377 616 405 vacuum
647 362 777 403 casula
809 361 1010 414 pluviaeve
1041 360 1230 400 tenebant

207 434 352 474 sestave
383 433 470 479 lux,
503 433 535 471 si
565 432 666 471 forte
696 430 807 470 labor
838 428 1019 469 cessabat
1049 430 1181 474 aratri,

207 501 312 540 horti
344 513 441 552 opus
472 499 567 539 illud
601 504 695 539 crat.
744 498 882 552 ¹varias
912 496 1124 549 disponere
1154 495 1308 548 plantas

202 557 320 608 norat
351 574 389 607 et
419 567 595 608 occultae
627 567 874 606 committere
905 566 1055 604 semina
1085 570 1215 604 terrae
1563 567 1616 604 70

207 637 430 688 vicinosque
460 640 548 687 apta
582 647 675 674 cura
706 634 954 673 summittere
984 634 1104 672 rivos.

207 704 272 744 hic
303 703 407 753 olus,
440 703 503 742 hic
533 701 610 742 late
640 701 848 740 fundentes
879 700 1062 741 bracchia
1095 700 1208 740 betae

208 771 480 822 secundusque
509 782 649 810 rumex
679 768 909 821 malvaeque
939 767 1151 819 inulaeque
1183 769 1374 814 virebant,

208 841 271 880 bic
302 841 402 879 siser
431 843 470 878 et
499 850 641 877 nomen
674 838 790 890 capiti
821 837 1004 876 debentia
1035 849 1166 889 porra,

211 907 294 960 [bic
326 907 442 946 etiam
474 918 643 945 nocuum
676 906 792 957 capiti
822 904 1076 956 gelidumque
1105 903 1294 957 papaver]
1567 906 1619 944 75

209 981 396 1027 grataque
427 973 616 1013 nobilium
649 974 808 1024 requies
838 972 987 1012 lactuca
1019 972 1212 1018 ciborum,

214 1073 504 1082 .....
565 1042 709 1080 crescit
739 1052 839 1091 quae
869 1042 910 1080 in
942 1041 1121 1080 acumina
1154 1040 1263 1080 radix

171 1170 282 1206 multa
302 1168 437 1216 EHZp
466 1215 467 1218 Ἰ
502 1166 643 1216 patebat
673 1168 703 1204 V
759 1168 810 1204 66
832 1167 909 1204 Non
932 1167 996 1202 II·
1032 1179 1110 1203 sum
1147 1173 1231 1216 ptus
1254 1168 1290 1203 B
1349 1174 1424 1204 erat
1446 1160 1515 1205 omss
1539 1168 1568 1205 S

100 1261 188 1297 illud
219 1261 274 1307 Zp
304 1231 518 1306 illgdoeorr.
550 1271 598 1294 m.
622 1256 661 1305 2)
692 1258 737 1293 II
768 1257 863 1293 ullus
911 1257 976 1305 (cm
1014 1260 1109 1295 latet
1147 1256 1279 1305 ollus?)
1311 1258 1477 1297 ABOYe
1515 1259 1622 1294 ullius

101 1318 239 1354 FSabc
268 1316 347 1352 ulus
383 1317 416 1352 T
440 1315 546 1350 buius
590 1315 664 1352 Va:
683 1314 737 1362 ef.
772 1314 823 1351 69
930 1314 1051 1351 recula
1082 1324 1187 1350 curae
1218 1318 1371 1362 scripsi.
1404 1315 1531 1364 regula
1562 1327 1622 1351 cu-

101 1419 159 1443 rae
190 1408 279 1443 libri
302 1408 482 1453 plerique
512 1415 659 1451 omneS,
701 1407 775 1441 nisi
803 1406 904 1452 quod
937 1405 1076 1454 [ρηςιῄῑξ
1105 1376 1189 1443 cui3e
1227 1385 1353 1455 reagula
1391 1417 1494 1443 corr.
1526 1419 1572 1442 m.
1600 1407 1619 1441 1

105 1475 137 1511 T
162 1475 288 1523 regula
319 1475 412 1510 uitae
442 1474 480 1509 E
601 1472 652 1509 67
685 1472 804 1522 οειευΙς
836 1473 865 1509 S
894 1474 1035 1510 casuale
1078 1475 1111 1511 V
1207 1475 1330 1523 pluuie
1363 1474 1428 1511 ST
1438 1475 1468 1511 V
1560 1470 1620 1523 ve]

101 1577 142 1613 q;
176 1565 245 1601 SV
274 1575 344 1612 qne
376 1563 478 1599 EFO
594 1562 646 1599 68
673 1529 782 1599 {vesta
817 1563 849 1599 Τ
930 1575 971 1599 ve
1003 1576 1072 1601 om.
1096 1565 1133 1600 F
1160 1576 1200 1612 q;
1234 1565 1335 1601 Sabe
1367 1564 1425 1600 uel
1455 1565 1485 1600 si
1519 1564 1548 1600 0

102 1617 182 1670 lux]
216 1615 275 1656 u'el
306 1621 334 1657 S
419 1623 535 1655 morte
557 1630 580 1654 a
668 1618 820 1655 cessabit
846 1620 879 1655 T
961 1626 1077 1657 aratro
1106 1633 1134 1667 p
1223 1621 1274 1659 69
1308 1621 1383 1657 Orti
1406 1621 1484 1656 HT
1494 1621 1548 1667 Vp

103 1696 178 1747 ei²at
207 1710 295 1746 illud
327 1694 417 1758 opiis
445 1722 474 1757 p
511 1715 586 1746 erat
618 1710 723 1745 buius
755 1721 846 1758 opus
877 1711 916 1746 E
948 1711 1038 1747 illud
1077 1722 1168 1759 opus
1201 1717 1276 1747 erat
1311 1712 1343 1747 T
1441 1711 1622 1759 deponere

102 1768 227 1814 HZpoc
342 1767 394 1803 70
424 1766 534 1802 llorat
572 1765 608 1802 Y
689 1766 827 1802 occulte
869 1767 901 1803 V
927 1767 1045 1803 oculte
1077 1767 1155 1804 IIT
1244 1769 1414 1818 comitere
1453 1767 1489 1803 Y
1513 1768 1623 1803 comi-

102 1830 199 1860 tetur
237 1823 278 1858 H
302 1835 349 1859 m.
376 1823 394 1858 1
436 1823 623 1858 comittere
655 1832 674 1860 ε
817 1824 968 1859 seminat
1007 1824 1044 1860 Y
1074 1825 1209 1860 semine
1252 1825 1285 1859 T
1318 1825 1443 1860 semita
1476 1824 1510 1859 B

103 1881 151 1917 71
186 1891 255 1927 que
285 1892 354 1916 om.
386 1879 497 1927 Reyii
525 1879 549 1915 3
581 1883 617 1914 et
646 1878 672 1914 4
807 1885 887 1927 apta
918 1879 1115 1927 Hcmplius
1145 1886 1225 1929 apte
1255 1882 1347 1917 libri
1473 1892 1559 1917 cure
1596 1881 1628 1916 T

102 1942 202 1972 curat
240 1936 478 1972 Colberlinus
507 1930 536 1971 4
572 1946 658 1971 cum
688 1937 773 1971 aliis
887 1938 1112 1973 summittere
1145 1937 1224 1972 BY
1255 1938 1442 1973 sumittere
1475 1937 1504 1974 S
1539 1937 1622 1972 sub-

103 1994 244 2029 mittere
275 1994 396 2028 ceteri
422 1993 511 2028 libri
629 1991 793 2028 72—74
825 2004 895 2029 om.
925 2005 973 2030 m.
997 1995 1032 2040 1,
1065 1995 1133 2030 secl
1162 1996 1295 2030 vacuis
1325 1996 1471 2030 relictis
1502 1995 1624 2030 tribus

102 2084 231 2128 lineis,
273 2072 447 2118 add-*m
487 2092 567 2118 rec.
600 2084 639 2118 in
681 2082 715 2118 V
852 2055 1016 2120 72¹¹01us
1055 2084 1104 2130 (h.
1138 2094 1339 2130 suprascr.
1379 2096 1426 2120 m.
1460 2082 1556 2130 ant.)
1589 2084 1624 2118 B

103 2139 209 2174 bolus
241 2138 284 2173 H
317 2139 418 2174 locus
453 2138 586 2175 OSabc
624 2138 720 2174 lotus
752 2148 771 2176 ε
803 2139 925 2175 lotbos
960 2141 992 2176 Τ
1105 2140 1160 2175 bic
1190 2140 1260 2189 Ιιιῑς
1299 2139 1335 2175 Y
1359 2139 1416 2175 hic
1445 2139 1535 2174 latae
1567 2140 1622 2176 Fe

104 2201 139 2230 et
160 2195 230 2231 late
252 2195 355 2241 EHp
442 2194 624 2230 fundentis
647 2195 784 2231 FSabc
806 2195 1008 2232 frondentis
1030 2197 1068 2232 E
1151 2195 1293 2231 brachia
1315 2195 1622 2242 BHSTYabcpe

188 2251 310 2287 baetae
340 2250 419 2287 AY
442 2250 524 2286 bete
555 2251 633 2286 HT
657 2250 748 2287 blite
776 2264 803 2298 p
938 2252 989 2289 73
1022 2251 1207 2288 Secundus
1247 2253 1283 2288 Y
1391 2263 1461 2299 que
1493 2263 1562 2288 om.
1597 2252 1625 2288 S

188 2307 396 2354 maluaeque
425 2307 616 2354 inulaeque
636 2308 759 2344 AVea
790 2308 949 2357 malugq;
990 2308 1115 2357 inileq;
1150 2308 1251 2344 Sabe
1282 2308 1440 2356 malueq:
1478 2308 1621 2355 inuleq;

108 2364 141 2399 T
167 2363 282 2412 malug
314 2363 482 2412 inulgque
514 2363 594 2398 BY
626 2362 761 2399 maluae
793 2364 981 2412 uiolaeque
1012 2364 1147 2411 EHZp
1184 2364 1319 2400 maluae
1349 2364 1524 2412 milaeque
1555 2364 1623 2400 FO

189 2418 365 2454 rubebant
396 2419 644 2455 Gaibctcensis
743 2420 833 2456 Post
865 2432 897 2456 v.
932 2420 982 2457 73
1014 2421 1165 2468 plurima
1196 2422 1324 2459 crescit
1354 2420 1402 2456 ihi
1432 2421 1623 2469 surgitque

31 2503 38 2509 .
104 2476 140 2510 in
170 2475 331 2510 acumina
360 2474 459 2510 radix
489 2474 586 2522 HZp
708 2475 759 2511 74
788 2477 889 2517 sesir,
921 2479 959 2513 in
989 2489 1060 2525 my.
1092 2489 1139 2513 m.
1173 2488 1252 2514 rec.
1285 2478 1315 2513 l'
1347 2478 1438 2512 siser
1468 2477 1497 2512 l’
1530 2479 1624 2513 cicer

106 2532 142 2566 B
172 2531 266 2567 cicer
295 2531 350 2578 Zp
387 2542 467 2566 acer
498 2530 541 2565 Ji
612 2526 617 2527 ⁷
659 2533 764 2579 capiti
802 2543 932 2569 nomen
963 2533 1180 2580 EHTZpea
1302 2533 1472 2569 debcncia
1509 2533 1623 2570 Yffte-

104 2588 225 2635 pentia
254 2587 426 2624 FOSabc
571 2588 670 2635 porri
699 2588 778 2623 AY
800 2594 921 2636 portat
952 2590 980 2626 S
1015 2601 1099 2638 cepa
1130 2589 1227 2636 HZp
1400 2590 1451 2626 75
1482 2591 1623 2627 liabent

106 2643 288 2691 HVZpa,
355 2656 426 2680 orn.
475 2643 815 2682 BEFOSTYabce
865 2657 950 2682 cum
999 2648 1103 2688 aliis,
1167 2649 1279 2682 etiam
1327 2647 1361 2683 Α
1410 2658 1486 2683 non
1516 2648 1621 2683 dubi-

108 2705 212 2736 tante
256 2699 428 2747 IIauplio
474 2712 536 2747 qu.
576 2700 656 2736 Cat.
698 2700 752 2738 50
923 2702 974 2739 76
1015 2702 1120 2738 Orata
1166 2703 1199 2740 V
1366 2703 1416 2739 77
1454 2704 1517 2739 liic
1552 2716 1622 2740 om.

108 2756 211 2802 Ζρεα
298 2757 426 2792 crescit
463 2766 552 2804 quae
589 2757 625 2792 in
663 2757 822 2792 acumina
860 2757 958 2794 radix
995 2760 1146 2805 scripsi.
1179 2758 1357 2807 C1·escitq;
1395 2760 1431 2794 in
1463 2761 1623 2796 acumina

107 2811 208 2847 radix
241 2812 374 2849 OSabc
405 2812 499 2856 Quae
530 2814 658 2849 crescit
686 2814 722 2848 in
753 2815 911 2850 acumine
941 2815 1033 2851 radit
1061 2815 1282 2863 ABthf.
1316 2816 1514 2862 Hauplius
1543 2818 1568 2852 l.
1597 2817 1622 2852 l.

108 2867 260 2904 Plurima
298 2870 425 2904 crescit
462 2869 508 2905 ibi
546 2870 735 2918 surgitque
775 2871 810 2906 in
851 2872 1009 2907 acumina
1047 2871 1143 2908 radix
1181 2873 1212 2908 B
1239 2885 1285 2908 m.
1309 2883 1389 2908 rec.
1412 2875 1448 2908 in
1473 2885 1557 2921 my„
1595 2873 1628 2908 T
