1884 3126
343 200 359 240 1
371 200 421 240 12
1090 214 1210 241 onus.

450 335 527 374 quo
556 322 712 374 rapidos
743 324 856 362 etiam
887 323 1139 372 requiescunt
1166 322 1326 360 flumina
1355 321 1520 360 cursus?

449 394 509 433 dle
538 407 609 445 age
639 406 743 434 nunc
773 395 939 434 miserae
968 394 1126 438 saltem,
1160 392 1264 444 quod
1294 404 1409 444 saepe
1438 393 1585 443 petenti

449 465 603 505 iurabas
633 465 730 504 nihil
762 478 848 505 esse
879 465 990 510 mihi,
1025 478 1094 504 cur
1124 470 1267 505 maesta
1297 465 1469 516 parentis
1750 466 1828 503 235

451 538 640 577 formosos
671 539 819 577 circum
849 539 955 587 virgo
986 549 1184 576 remorere
1214 536 1383 588 capillos.

451 609 515 647 hei
544 609 658 655 mihi,
689 622 738 648 ne
768 610 876 648 furor
904 608 970 648 ille
1000 614 1084 648 tuos
1114 609 1299 648 invaserit
1328 614 1447 651 artus,

450 680 535 726 ille,
569 681 718 720 Arabae
749 679 926 733 Myrrhae
956 681 1148 732 quondam
1180 681 1247 732 qui
1277 681 1380 731 cepit
1409 677 1563 722 ocellos,

451 758 492 791 ut
521 751 669 792 scelere
698 753 855 792 infando
888 752 1005 804 (quod
1035 765 1108 791 nec
1137 754 1229 791 sinit
1259 751 1454 802 Adrastea)

452 823 608 862 laedere
638 828 844 876 utrumque
874 836 952 863 uno
983 825 1135 864 studeas
1166 835 1300 863 errore
1330 822 1550 874 parentem!
1751 823 1832 861 240

453 886 556 946 quod
585 897 617 934 si
647 896 722 935 alio
753 898 886 946 quovis
917 897 1034 935 animi
1062 897 1217 935 Iactaris
1248 907 1379 934 amore

455 968 557 1017 (nam
589 973 625 1006 te
655 969 806 1014 iactari,
839 980 916 1007 non
948 973 1005 1007 est
1033 968 1254 1007 Amathusia
1285 967 1407 1008 nostri

452 1044 529 1078 tam
560 1039 668 1080 rudis
698 1046 741 1079 ut
771 1039 876 1079 nullo
906 1041 1051 1091 possim
1082 1051 1317 1090 cognoscere
1347 1036 1484 1089 signo),

454 1112 486 1150 si
516 1123 726 1151 concessus
756 1124 864 1151 amor
895 1117 987 1151 noto
1017 1118 1054 1151 te
1085 1115 1254 1151 macerat
1282 1111 1379 1161 igni:

454 1196 524 1234 per
555 1183 622 1222 tibi
653 1183 864 1236 Dictynnae
893 1185 1109 1235 praesentia
1140 1184 1296 1222 numina
1325 1183 1429 1226 iuro,·
1752 1181 1830 1218 245

455 1256 576 1305 prima
607 1255 724 1294 decus
756 1267 853 1305 quae
883 1255 996 1294 dulce
1027 1255 1120 1293 mihi
1152 1260 1188 1293 te
1219 1254 1337 1293 donat
1365 1254 1569 1296 alumnam,

454 1328 580 1366 omnia
611 1340 672 1366 me
702 1328 830 1378 potius
860 1327 973 1378 digna
1004 1332 1119 1378 atque
1149 1326 1324 1377 indigna,
1356 1324 1529 1365 laborum

453 1399 558 1438 milia
586 1400 767 1443 visuram,
800 1410 915 1448 quam
945 1404 984 1438 te
1015 1403 1090 1438 tam
1120 1397 1294 1438 tristibus
1322 1398 1404 1436 istis

453 1470 631 1509 sordibus
661 1475 699 1509 et
727 1471 836 1509 senio
865 1472 988 1522 patiar
1017 1470 1216 1510 tabescere
1248 1469 1341 1508 tali!

509 1543 613 1581 Haec
643 1542 833 1594 loquitur,
866 1542 1050 1594 mollique
1080 1547 1123 1581 ut
1151 1554 1192 1581 se
1221 1541 1358 1581 velavit
1386 1541 1541 1583 amictu,
1751 1541 1831 1578 250

456 1614 677 1666 frigidulam
707 1615 846 1654 iniecta
876 1613 1091 1654 circumdat
1122 1619 1225 1654 veste
1254 1612 1435 1664 puellam,

419 1795 495 1849 sola
524 1794 708 1842 inuigilare
738 1795 772 1830 R
873 1795 952 1831 233
984 1794 1123 1842 rapidus
1155 1794 1197 1829 H
1294 1791 1373 1829 234
1402 1792 1519 1828 saltim
1548 1791 1643 1839 quod
1672 1802 1775 1838 saepe
1804 1792 1834 1828 L

346 1884 495 1931 saltemq
512 1902 519 1910 ·
537 1893 622 1930 sepe
653 1883 694 1918 H
804 1882 883 1918 235
913 1894 976 1918 cur
999 1883 1050 1919 Le
1080 1864 1145 1922 063
1175 1880 1206 1928 (r
1225 1893 1271 1917 m.
1294 1879 1388 1927 cent.)
1410 1881 1452 1916 H
1469 1890 1547 1915 eum
1578 1881 1639 1916 Ra
1724 1885 1832 1915 mesta

348 1941 381 1975 R
511 1939 589 1974 236
627 1937 816 1973 Formosus
854 1939 895 1974 H
921 1951 967 1974 m.
1004 1939 1023 1973 1
1137 1947 1316 1972 remorere
1351 1936 1507 1973 Iuntina
1545 1945 1682 1970 morere
1713 1935 1755 1970 H
1779 1946 1833 1970 re-

347 2005 445 2030 more
483 1994 515 2029 A
553 2004 729 2029 morerere
766 1994 880 2030 LRea
917 2003 1093 2029 remorare
1130 1993 1286 2028 Loensis
1427 1990 1506 2027 238
1537 1989 1658 2026 arabee
1688 1989 1731 2024 H
1762 2001 1836 2025 ara-

347 2049 399 2085 bis
430 2050 507 2087 Lea
626 2048 740 2098 Myrre
770 2049 799 2084 L
829 2050 954 2084 mirrae
985 2050 1019 2084 R
1050 2049 1154 2083 mirra
1185 2047 1227 2082 H
1342 2047 1458 2093 coepit
1488 2046 1522 2082 R
1664 2044 1742 2082 239
1771 2056 1836 2080 nec

346 2106 428 2140 sinit
472 2105 629 2140 adrastea
659 2105 736 2142 Lea
774 2115 838 2140 nec
875 2105 977 2140 sinita
1008 2104 1129 2139 [risten
1162 2103 1205 2138 H
1237 2113 1302 2138 nec
1331 2101 1412 2148 (om.
1445 2100 1595 2147 ceteris)
1626 2101 1660 2137 R
1745 2101 1835 2136 sinat

347 2161 502 2196 Loensis
615 2158 696 2196 240
725 2170 804 2206 ymo
843 2159 885 2195 H
917 2170 985 2194 una
1020 2159 1052 2195 A
1183 2157 1259 2194 241
1293 2158 1345 2204 cf.
1380 2156 1516 2192 Catulli
1543 2155 1643 2191 LXIV
1672 2155 1751 2192 372

349 2217 475 2263 quouis
519 2215 586 2251 alio
625 2215 659 2251 R
780 2215 883 2250 animi
926 2215 1119 2260 Hauptius
1163 2216 1307 2260 quaest.
1349 2211 1471 2248 Catull
1507 2210 1557 2247 75
1602 2211 1723 2246 animis
1760 2211 1835 2247 HR

347 2272 462 2307 animo
492 2271 603 2307 ALea
633 2271 739 2306 nimio
771 2272 827 2306 vel
856 2271 1007 2306 animum
1038 2269 1210 2316 Sccclz'yer
1238 2269 1370 2303 animos
1395 2267 1635 2303 Sclzraderus
1718 2276 1836 2301 amore

348 2328 425 2364 Lea
456 2323 573 2362 amore
601 2327 635 2362 R
674 2336 826 2361 amorem
857 2325 899 2360 H
1041 2324 1118 2360 242
1155 2324 1207 2370 ef.
1242 2322 1378 2359 Catulli
1410 2321 1540 2359 LXVIII
1577 2321 1626 2357 17
1767 2319 1837 2355 Nec

350 2388 383 2417 te
421 2383 455 2419 R
583 2381 762 2417 amathisia
802 2380 877 2417 HR
921 2381 1084 2415 Amatisia
1119 2380 1171 2416 Le
1302 2382 1459 2414 nostram
1488 2377 1521 2412 A
1660 2373 1739 2411 244
1776 2374 1836 2410 Sin

350 2438 435 2475 ΑΖΕ
533 2437 718 2473 consessus
749 2436 780 2471 A
875 2436 948 2483 igni
979 2435 1048 2471 HL
1077 2436 1161 2483 igne
1190 2435 1274 2472 Rea
1392 2431 1471 2469 245
1502 2432 1654 2468 dictinnc
1684 2430 1734 2476 Η,
1767 2442 1834 2467 om.

349 2518 492 2553 lacuna
523 2516 656 2551 relicta
686 2514 720 2549 R
807 2499 888 2548 nuTe
920 2512 959 2548 H
1042 2513 1137 2552 uino,
1169 2522 1367 2559 suprascr.
1398 2522 1444 2546 m.
1477 2520 1555 2546 rec.
1586 2510 1664 2545 iuro
1695 2509 1737 2544 H

352 2571 430 2608 246
461 2571 567 2606 decus
605 2569 846 2605 Schraderus
881 2568 984 2603 deum
1022 2568 1178 2605 HLReoc
1291 2577 1358 2614 que
1388 2566 1422 2602 R
1535 2561 1666 2612 ³113an
1689 2564 1732 2599 H

351 2627 429 2663 247
460 2622 582 2675 atque]
616 2630 695 2672 tuq:
725 2625 755 2660 L
894 2623 1040 2659 laturam
1070 2623 1155 2660 ΑΔΕ
1295 2620 1374 2658 248
1403 2620 1493 2656 Milia
1522 2619 1632 2665 ΗΖΕ,
1663 2619 1762 2665 quod
1789 2619 1840 2654 ad

351 2682 510 2718 laborum
536 2686 628 2727 pulo
658 2679 900 2726 referendum
930 2689 1022 2715 esse.
1063 2677 1167 2714 Millia
1195 2678 1258 2714 Ra
1296 2675 1365 2712 filia
1395 2677 1574 2712 Heinsius
1682 2674 1835 2709 nisurum

353 2738 396 2773 H
505 2736 582 2772 249
613 2736 711 2771 senio
748 2737 805 2771 vir
840 2735 971 2770 doctus
1006 2736 1044 2770 in
1081 2735 1184 2770 misc.
1217 2733 1312 2769 obss.
1343 2731 1386 2766 lV
1417 2730 1496 2767 323
1532 2729 1652 2765 sconia
1681 2728 1725 2763 H
1749 2729 1837 2764 saria

352 2793 382 2829 L
411 2803 532 2829 scorea
563 2801 582 2828 ε
611 2791 725 2827 scoria
753 2785 801 2825 οι1
834 2789 912 2825 cilia
949 2790 1111 2837 exempl.
1141 2789 1297 2825 Loensis
1331 2785 1453 2822 morbo
1483 2785 1517 2821 R
1548 2795 1630 2822 cura
1660 2783 1838 2821 Heinsius

353 2847 472 2884 scabre
502 2847 674 2894 Sealz'yer
791 2844 871 2882 250
902 2844 975 2881 nee
1003 2846 1045 2881 H
1162 2843 1238 2879 251
1270 2842 1425 2880 circudat
1453 2841 1487 2876 R
