1884 3126
340 206 420 246 100

330 1827 410 1874 quia

330 1880 394 1916 lice

329 1936 432 1972 seclis
454 1938 653 1982 eoeemplur
671 1935 838 1982 Loensis)
859 1935 963 1971 modo
994 1937 1039 1971 sit
1070 1935 1132 1971 tibi
1154 1932 1328 1973 ΗΖΒε-ῑοι1
1360 1936 1481 1972 saeclis
1502 1937 1607 1973 modo
1629 1938 1674 1973 sit
1696 1938 1815 1975 Scali-
1880 1960 1882 1962 >

327 2002 396 2039 967²

1021 226 1142 253 CIRIS.

447 331 653 370 mirificum
684 331 819 370 mundi
848 344 970 383 genus
1000 345 1115 372 omne
1147 334 1183 386 (o
1214 333 1312 372 bella
1343 333 1508 386 libidol),

446 403 478 440 si
508 414 568 442 me
598 404 675 442 iam
705 416 852 443 summa
883 404 1081 455 Sapientia
1110 410 1298 456 pangeret
1328 417 1428 451 arce,

448 478 630 524 quattuor
660 476 825 527 antiquis
854 489 950 527 quae
979 476 1188 516 heredibus
1219 482 1278 516 est
1308 477 1393 516 data
1424 489 1593 523 consors,

446 546 550 585 unde
579 546 780 586 hominum
811 560 964 587 errores
994 548 1107 599 longe
1138 548 1288 599 lateque
1316 561 1388 600 per
1418 549 1550 588 orbem

445 617 649 668 despicere
678 623 792 669 atque
822 619 978 659 humilis
1008 632 1161 672 possem
1190 626 1440 659 contemnere
1470 633 1602 660 curas:

444 701 521 727 non
553 702 623 740 ego
652 695 690 729 te
719 690 834 729 talem
865 703 1073 731 venerarer
1102 705 1265 732 munere
1296 693 1372 738 tali,

446 773 522 800 non
554 762 732 812 equidem
762 764 951 812 (quamvis
980 765 1174 803 interdum
1204 763 1339 803 ludere
1370 764 1482 804 nobis

445 837 482 870 ct
511 833 693 883 gracilem
725 834 830 873 molli
859 834 973 874 liceat
1002 836 1100 887 pede
1131 835 1310 875 claudere
1342 836 1519 887 versum),

443 904 510 942 sed
540 917 680 955 magno
709 906 905 951 intexens,
937 908 968 945 si
999 908 1055 946 sas
1087 912 1145 946 est
1173 908 1321 955 dicere,
1354 907 1479 959 peplo,

443 976 563 1026 qualis
592 977 820 1016 Erechtheis
849 978 939 1017 olim
970 984 1146 1030 portatur
1175 980 1347 1024 Athenis,

443 1048 570 1087 debita
601 1060 687 1087 cum
719 1054 847 1089 castae
875 1049 1075 1090 solvuntur
1105 1055 1190 1089 vota
1221 1051 1415 1090 Minervae

443 1120 627 1170 tardaque
657 1122 834 1160 confecto
865 1122 1030 1161 redeunt
1060 1123 1323 1172 quinquennia
1352 1122 1487 1166 lustro,

443 1205 531 1232 rum
562 1191 653 1231 levis
683 1191 832 1232 alterno
861 1194 1054 1244 zephyrus
1084 1194 1331 1233 concrebruit
1361 1206 1453 1233 euro

442 1269 479 1303 et
507 1276 630 1315 prono
659 1265 856 1315 gravidum
886 1267 1061 1316 provexit
1089 1266 1262 1317 pondere
1291 1279 1462 1305 currum.
1499 1296 1501 1298 .

444 1335 534 1374 felix
565 1335 739 1375 illa-*dies
770 1337 860 1376 felix
891 1343 929 1376 et
959 1337 1097 1376 dicitur
1128 1350 1260 1383 annus,

441 1407 573 1446 felices
603 1409 668 1458 qui
698 1408 814 1447 talem
844 1421 988 1448 annum
1017 1409 1148 1448 videre
1179 1410 1377 1459 diemque:

443 1491 534 1530 ergo
564 1479 754 1519 Palladiae
784 1485 967 1520 texuntur
995 1482 1036 1520 in
1067 1481 1203 1520 ordine
1232 1492 1395 1532 pugnae,

441 1563 578 1601 magna
608 1551 804 1602 Giganteis
833 1559 1022 1592 ornantur
1053 1553 1162 1604 pepla
1193 1554 1374 1604 tropaeis,

441 1622 599 1662 horrida
629 1625 839 1674 sanguineo
870 1625 1079 1675 pinguntur
1108 1624 1255 1675 proelia
1285 1637 1422 1669 cocco;

441 1695 592 1734 additur
623 1701 754 1735 aurata
785 1696 957 1735 deiectus
990 1696 1147 1748 cuspide
1178 1697 1353 1748 Typhon,

441 1827 623 1861 mirantem
653 1826 760 1861 ducet
789 1826 852 1861 dea
881 1837 945 1872 per
974 1837 1087 1873 genus
1118 1827 1230 1861 omnis
1261 1826 1535 1874 Hertzberyius

1773 483 1821 518 15

1770 841 1822 878 2Ο

1765 1558 1818 1595 30

1641 1828 1690 1864 13
1723 1829 1815 1864 miri-

425 1881 597 1928 Sculiycr
706 1881 825 1916 mundi
862 1891 973 1928 genus
1003 1892 1106 1916 omne
1144 1883 1292 1927 scripsi.
1330 1881 1414 1917 secli
1452 1880 1570 1927 (saecli
1599 1878 1646 1917 αῙ
1678 1883 1751 1918 sedi
1781 1885 1816 1920 Β

483 2003 503 2026 o
524 1990 614 2027 bella
633 1994 783 2038 scripsi.
815 1991 906 2027 uelle
934 1991 1088 2028 HLRea
1116 1991 1275 2038 proferre
1297 1991 1469 2039 Sculiyer
1554 1992 1605 2028 14
1626 2003 1690 2033 me,
1713 2004 1813 2030 corr.

328 2093 375 2116 m.
408 2091 486 2116 rec.
517 2091 592 2115 mea
621 2081 663 2116 H
745 2061 900 2126 sufflas&
931 2092 975 2116 m.
1009 2079 1102 2126 rec.)
1133 2081 1174 2116 Η
1252 2081 1395 2127 patietia
1423 2080 1490 2116 ΖΒ
1566 2086 1658 2117 artes
1687 2082 1815 2119 HLRe

415 2135 464 2172 15
495 2135 652 2179 Quntuor
681 2135 787 2171 HLR

900 2146 988 2183 quae
1018 2139 1106 2171 ante
1137 2135 1386 2182 Scaliyerum,
1426 2148 1493 2172 om.
1526 2133 1705 2174 ΗΕΒεοιι

332 2190 534 2227 haeresibus
564 2191 710 2228 Paulus
736 2192 958 2237 Leopardus
988 2195 1078 2227 teste
1105 2191 1242 2227 Loensi
1267 2192 1292 2226 l.
1321 2192 1346 2226 l.
1378 2190 1543 2226 heroibus
1577 2194 1631 2228 vel
1660 2185 1824 2229 heroisin*

334 2415 492 2449 coniecit
521 2413 695 2458 Heym‘us

413 2467 464 2503 22
495 2466 699 2502 Erechtheis
730 2468 884 2503 Loensis
923 2468 1084 2508 eritheis,
1125 2478 1321 2514 suprascr.
1360 2479 1407 2503 m.
1447 2478 1525 2503 rec.
1566 2468 1746 2504 erictoniis
1777 2469 1819 2504 Η

1164 2522 1214 2558 23
1245 2518 1344 2571 vota]
1377 2522 1468 2558 dona
1495 2523 1579 2560 ΑΖΕ
1614 2526 1623 2536 ’

1120 2577 1171 2614 25
1202 2588 1323 2613 averso
1362 2578 1616 2625 Wakefieldus

331 2523 472 2559 eritheis
493 2522 528 2558 Β
559 2523 707 2570 erycteis
728 2523 759 2558 L
788 2523 976 2559 erichtheis
1008 2518 1076 2560 Εοι1

335 2579 600 2614 Taubmannus
631 2588 673 2613 ue
701 2574 873 2615 ΑΙῖΒΕοιι
905 2588 948 2613 ne
969 2579 1011 2614 H

331 2634 377 2668 ris
407 2634 450 2669 H
475 2646 521 2669 m.
549 2633 570 2668 1
602 2633 765 2680 zephirus
796 2634 830 2669 R
915 2632 1122 2669 concrebuit
1151 2633 1215 2668 Hoc
1328 2632 1379 2669 26
1408 2633 1525 2680 ponde
1555 2633 1590 2668 R

330 2248 510 2283 Heinsius
595 2251 648 2282 est
677 2242 773 2295 data]
813 2246 929 2282 addita
964 2247 1144 2282 Heinsius
1257 2245 1306 2282 17
1337 2245 1513 2292 Dispicere
1550 2247 1593 2282 H
1674 2248 1815 2284 humilis

330 2303 427 2339 ΗΒΕ
458 2301 607 2337 humiles
627 2302 683 2337 La
770 2313 911 2349 possem
941 2306 1028 2338 ante
1058 2302 1290 2348 Scaliqerum
1319 2298 1430 2348 possii
1455 2301 1546 2338 ΗΖΕ
1575 2303 1707 2349 possim
1728 2298 1811 2339 Βοι1

411 2354 601 2406 cotefmere
637 2358 681 2392 H
798 2358 847 2394 18
878 2368 1020 2392 munera
1058 2366 1077 2394 Ε
1174 2355 1232 2391 vili
1275 2356 1514 2392 Schradcrus
1632 2357 1680 2393 19
1711 2357 1816 2394 libeat

799 2412 848 2447 21
880 2413 1031 2448 intexem
1060 2412 1316 2448 Marklandus
1346 2413 1396 2447 ad
1424 2411 1535 2448 Statii
1563 2414 1641 2448 silv.
1664 2412 1678 2447 I
1705 2413 1740 2453 6,
1763 2412 1814 2448 24

1665 2523 1716 2559 24
1747 2533 1815 2570 que

1698 2578 1815 2624 zephi-

1673 2643 1813 2668 currum

330 2688 515 2725 Bar-thius
543 2683 652 2724 cursu
676 2689 830 2726 HLReoc
943 2687 992 2724 27
1023 2687 1083 2723 ille
1112 2689 1204 2725 ΗΖΕ
1288 2687 1429 2723 ANNUS
1464 2690 1599 2724 litteris
1627 2690 1813 2725 maiuscu-

329 2746 376 2779 lis
405 2745 435 2779 L

331 2865 406 2891 sem

539 2743 590 2780 28
623 2743 725 2779 talem
755 2744 815 2791 qui
845 2744 879 2780 R
994 2743 1044 2779 29
1076 2748 1239 2785 texentur
1268 2743 1342 2778 HR
1447 2743 1500 2779 30
1528 2743 1686 2790 tropheis
1717 2743 1813 2780 ΗΒΕ

414 2799 464 2835 31
495 2810 602 2835 cocco
622 2800 700 2836 Lea
730 2810 834 2836 corco
855 2799 898 2835 H
923 2809 1027 2835 socco
1057 2798 1126 2834 ΑΒ
1155 2809 1260 2834 succo
1291 2801 1399 2835 varia
1428 2799 1537 2834 lectio
1567 2800 1671 2845 apud
1697 2799 1812 2835 Laen-

445 2855 526 2890 l'uco
564 2855 742 2891 Heinsius
855 2853 906 2890 32
937 2853 1094 2890 deiectus
1124 2850 1175 2889 01¹
1213 2853 1369 2890 delectus
1405 2853 1533 2890 HLRe

1622 2854 1744 2901 thipho
1776 2855 1817 2890 H
