1884 3126
744 120 879 149 capua*
908 121 972 148 111.
1564 104 1617 147 61

91 233 165 273 ben
198 245 219 272 a
251 233 377 279 Luna.
418 245 518 286 quae
555 234 595 272 in
627 233 808 284 sequenti
847 244 963 272 versu
996 230 1237 283 appellatur,
1278 231 1478 283 distingui.
1539 243 1616 271 nou

90 302 206 341 nimis
237 314 255 340 a
289 303 478 341 memoria
519 302 672 341 confido
713 301 930 340 abhorrere
970 299 1073 350 quod
1115 301 1303 351 proposui
1343 302 1464 349 inque
1493 302 1615 339 vicem

91 370 239 409 Phoebi
272 382 418 409 currus
447 370 574 418 fuqat
609 381 756 410 aureus
787 370 906 408 orbis.
967 380 1056 407 nam
1090 379 1178 406 esse
1208 366 1314 406 illam
1346 368 1514 406 maxime
1546 367 1615 406 ob-

90 436 299 476 litteratam
331 438 371 476 in
404 437 475 476 hac.
507 438 832 488 carminis'parte
864 435 922 474 vel
955 436 1106 487 pagina,
1132 434 1178 486 (v,
1210 431 1392 484 40—45)
1426 447 1502 473 nou
1536 441 1614 473 tam

91 504 240 544 librarii
273 504 518 556 neglegentia
552 516 666 555 quam
698 504 936 543 correctoris
969 505 1036 554 qui
1069 504 1204 542 nescio
1237 514 1314 553 quo
1337 515 1431 542 casu
1456 501 1615 541 evanida

88 571 148 610 vel
181 571 347 611 obscura
381 578 422 612 ut
453 573 590 624 potuit,
624 571 692 611 sed
726 571 934 611 infeliciter
964 571 1175 610 restituere
1207 576 1370 610 conatus
1403 576 1461 609 est
1493 576 1615 609 teme-

91 641 224 685 ritate,
271 640 414 679 docent
458 640 661 690 sequentia
703 637 917 691 (43—45),
958 652 1058 691 quae
1090 652 1177 679 cum
1220 638 1372 691 singula
1417 643 1619 691 praestent

91 708 225 747 Latina
264 707 471 756 voeabula,
513 714 642 747 tamen
674 719 790 746 sensu
822 719 917 747 sano
949 719 1086 746 carere
1116 708 1219 746 inter
1250 719 1388 746 omnes
1419 707 1615 753 convenit,

91 787 326 827 quamquam
361 774 593 815 emendandi
625 776 832 814 conamina
863 776 991 814 omnia
1019 775 1202 826 videntur
1227 788 1322 814 vana
1345 776 1477 814 fuisse.
1525 774 1620 813 mihi

90 843 126 882 id
159 843 326 881 maxime
357 844 602 895 propositum
633 842 724 888 fuit,
766 848 808 882 ut
838 849 876 883 et
907 844 1095 883 orationis
1127 845 1238 895 quasi
1270 843 1375 882 filum
1409 843 1614 882 continua-

90 923 173 949 rem
206 915 245 949 et
273 923 373 962 quae
405 910 534 950 verbis
565 911 662 949 ‘nisi
695 941 704 950 .
737 942 744 949 .
779 911 880 950 fama
914 911 1040 950 locuta
1076 912 1158 950 est’
1200 912 1407 950 manifesto
1440 910 1617 961 flagitan-

90 983 153 1017 tur
184 979 411 1030 supplerem
443 991 475 1017 ν.
506 976 574 1023 45,
613 977 679 1017 ubi
711 990 810 1028 quae
841 978 982 1018 tradita
1014 985 1106 1018 sunt
1135 991 1293 1018 servare
1325 991 1441 1018 nemo
1473 979 1614 1030 potuit.

103 1053 122 1062 “
202 1046 243 1085 ln
283 1059 400 1086 versu
436 1044 492 1086 55
530 1058 616 1085 cum
663 1046 712 1085 de
754 1059 851 1086 zona
898 1047 1073 1099 puellae,
1111 1060 1191 1086 non
1232 1047 1280 1086 de
1321 1049 1393 1086 vita
1431 1046 1616 1086 solvenda

91 1126 220 1154 sermo
252 1126 337 1153 esse
368 1113 529 1160 debeat,
556 1114 654 1161 fata
684 1116 891 1166 scripsisse
922 1120 1036 1166 poeta
1069 1127 1146 1154 non
1178 1120 1328 1166 potest;
1361 1115 1522 1166 scripsit
1552 1120 1618 1153 aut

35 1184 42 1188 '
90 1194 211 1221 sacra
249 1186 314 1221 aut
353 1187 467 1222 vota:
506 1193 595 1221 nam
636 1188 677 1221 ut
717 1195 749 1222 v,
780 1181 832 1222 61
865 1189 957 1222 vota
995 1183 1151 1234 scripsit
1188 1182 1374 1222 librarius
1420 1181 1485 1221 uhi
1518 1181 1616 1229 sam

91 1248 270 1294 debebat,
301 1250 357 1287 sic
387 1250 470 1288 vice
501 1262 611 1289 versa
644 1250 779 1289 eadem
812 1249 998 1290 vocabula
1030 1249 1255 1289 confudisse
1287 1255 1426 1302 potest.

202 1451 270 1491 His
309 1463 408 1502 quae
445 1453 520 1492 iam
554 1452 731 1492 Suetonii
770 1458 897 1493 aetate
936 1454 1038 1494 inter
1070 1453 1290 1506 Vergiliana
1330 1453 1452 1494 relata
1492 1455 1615 1493 luisse

90 1519 254 1558 vidimus
292 1531 370 1559 non
410 1520 564 1559 virtutis
605 1532 740 1566 causa,
782 1521 848 1560 sed
889 1523 978 1573 quia
1018 1522 1208 1562 librorum
1250 1523 1612 1574 manuscriptorum

89 1588 222 1638 copias
265 1586 386 1626 semel
431 1594 587 1639 paratas
626 1587 835 1633 haberem,
883 1589 1060 1629 addenda
1107 1602 1191 1629 esse
1230 1590 1323 1630 duxi
1361 1596 1443 1629 tum
1483 1596 1613 1629 cetera

89 1667 188 1706 quae
227 1654 318 1694 olim
358 1655 397 1694 in
436 1657 525 1695 lude·
559 1656 732 1695 libellum
765 1656 939 1696 conlecta
972 1664 1082 1704 suut,
1122 1663 1294 1698 rosetum
1331 1669 1534 1709 nugasque
1567 1660 1617 1697 de

87 1723 370 1773 monosyllabis
397 1729 454 1762 est
483 1728 521 1762 ec
551 1735 628 1762 non
662 1728 700 1762 et
730 1725 780 1763 de
809 1726 897 1764 viro
929 1726 1042 1775 bono,
1078 1730 1159 1765 tu‘m
1192 1727 1243 1765 de
1264 1727 1503 1766 Maecenate
1534 1726 1613 1765 ele-

89 1790 172 1840 gias
202 1789 308 1835 duas,
341 1790 443 1829 intra
475 1802 600 1829 annos
630 1790 778 1830 saeculi
798 1791 865 1830 XV
894 1789 951 1831 44
982 1798 1019 1831 et
1048 1791 1103 1833 55
1133 1794 1172 1832 in
1202 1793 1323 1832 Dauia
1355 1799 1536 1846 repertas
1566 1794 1614 1834 ab

90 1857 250 1896 Henoch
282 1847 494 1903 Asculano,
536 1869 631 1908 quas
668 1863 800 1898 tamen
831 1872 937 1899 nunc
970 1860 1217 1900 Bruxellensi
1250 1861 1464 1913 exemplari
1496 1862 1613 1901 doce-

89 1937 176 1963 mur
206 1926 283 1963 iam
315 1925 472 1964 saeculo
493 1925 580 1978 Xltl
610 1927 649 1965 iu
681 1927 875 1981 coenobio
907 1927 1037 1980 aliquo
1068 1929 1115 1968 ad
1148 1929 1327 1968 Rhenum
1361 1929 1422 1968 vel
1453 1929 1500 1969 ad
1531 1930 1612 1969 Mo-

88 1992 222 2031 sellam
269 1991 391 2032 lectas
435 1993 563 2032 fuisse.
625 1994 903 2034 ‘mediocriter
944 1998 1143 2052 antiquas,
1190 1997 1230 2035 h.
1264 2010 1297 2037 e.
1338 1997 1488 2048 aliquot
1527 2003 1616 2050 post

90 2059 179 2099 Chr.
213 2072 253 2099 11.
285 2060 477 2100 saeculis'
517 2067 628 2100 natas
657 2062 707 2101 M.
740 2062 934 2114 Hauptius
965 2065 1004 2102 in
1038 2066 1322 2104 commentario
1354 2064 1402 2104 de
1435 2066 1614 2121 epicedio

91 2127 205 2166 Drusi
226 2139 264 2179 p.
286 2125 354 2173 30,
377 2129 506 2179 primo
527 2128 685 2168 saeculo
707 2135 824 2182 atque
846 2131 945 2170 adeo
967 2144 1044 2170 non
1076 2131 1243 2171 multum
1267 2138 1357 2184 post
1378 2133 1615 2172 Maecenatis

90 2199 255 2252 mortem
295 2199 402 2235 ortas
434 2208 519 2235 esse
550 2201 713 2248 propter
743 2199 939 2238 sermonis
969 2201 1138 2238 nitorem
1171 2206 1209 2239 et
1239 2212 1424 2240 versuum
1457 2201 1614 2251 elegan-

90 2263 181 2302 tiam
214 2269 350 2303 censet
370 2263 411 2302 L.
434 2263 646 2303 Muellerus
677 2265 724 2304 de
756 2278 872 2305 rem.
904 2279 942 2317 p.
965 2264 1032 2306 52.
1066 2268 1269 2307 inferioris
1299 2269 1436 2308 aetatis
1467 2269 1614 2308 indicio

88 2330 350 2382 synaloephae
380 2336 472 2370 sunt
501 2344 589 2371 cum
622 2333 846 2372 rarissimae
876 2338 955 2372 tum
996 2333 1234 2374 lenissimae.
1295 2347 1386 2374 nam
1417 2336 1456 2375 in
1489 2336 1612 2376 altera

89 2409 190 2448 quae
227 2398 275 2436 de
316 2398 554 2438 moribundo
594 2399 819 2448 Maecenate
859 2400 972 2452 vulgo
1011 2401 1154 2441 dicitur
1194 2402 1318 2454 elegia
1359 2403 1419 2443 his
1450 2406 1613 2443 omnino

90 2465 316 2504 coalescunt
353 2465 525 2511 vocales,
574 2478 606 2505 v,
638 2465 664 2505 3
702 2470 841 2507 ‘mene
878 2469 1028 2520 inquit’
1076 2475 1114 2509 et
1151 2483 1186 2510 v.
1218 2468 1274 2509 24
1313 2474 1454 2524 ‘teque
1494 2474 1611 2524 ego';

88 2532 205 2587 paulo
243 2534 401 2584 saepius
438 2534 475 2572 in
514 2534 666 2585 priore:
708 2547 741 2573 v.
774 2533 830 2575 20
867 2535 1006 2575 ‘litore
1037 2538 1103 2576 in'
1144 2539 1190 2590 (si
1220 2539 1412 2589 genuinus
1452 2547 1511 2580 est
1549 2540 1612 2579 hic

90 2600 260 2652 versus),
299 2598 351 2640 21
384 2603 578 2652 ‘namque
609 2601 693 2646 id'‚
724 2600 780 2642 43
810 2603 993 2655 ‘pulvere
1022 2606 1107 2649 in',
1141 2603 1196 2645 89
1227 2607 1370 2657 ‘atque
1401 2608 1610 2660 aquilam'‚

92 2666 172 2707 120
216 2671 358 2719 ‘atque
396 2669 484 2714 ita',
534 2667 613 2708 116
658 2671 715 2709 ‘si
753 2683 923 2722 quorum
959 2673 1039 2718 in',
1089 2671 1167 2712 122
1198 2673 1361 2714 ‘vellem
1406 2677 1612 2716 Aurorae?

90 2723 139 2774 ac
173 2741 261 2787 post
291 2737 466 2776 Senecae
504 2742 611 2775 certe
650 2738 856 2788 epistulam
893 2737 973 2778 114
1007 2739 1103 2779 haec
1141 2741 1304 2780 disticha
1343 2744 1486 2795 scripta
1526 2757 1612 2784 csse

90 2802 301 2855 probabilis
335 2809 393 2843 est
422 2805 593 2857 suspicio
624 2804 793 2858 Hauptii.
