1884 3126
271 171 300 199 X
305 171 352 200 IV
866 166 1135 197 PRAEFATIO.

266 279 331 320 vel
362 279 423 319 sic
451 277 705 319 tribuendae
735 282 880 328 erunt,
911 282 954 317 et
973 275 1174 331 quoniam
1202 287 1298 314 cum
1329 272 1547 314 Servianis
1578 271 1748 312 scholiis

263 345 488 385 coniuncta
528 350 647 396 sunt,
685 343 754 383 cui
790 342 963 383 tandem
999 355 1075 396 per
1111 354 1156 381 se
1193 337 1459 394 probabilius
1497 351 1624 392 quam
1665 336 1749 391 ipsi

264 409 412 451 Servio
442 409 713 451 tribuantur?
743 408 818 463 qui
849 408 885 448 si
915 413 1003 448 tam
1032 407 1159 447 inane
1190 403 1440 446 eruditionis
1470 409 1749 443 commentum

263 476 524 531 reliquisset,
555 474 679 530 quale
708 475 754 515 in
782 474 968 527 vulgatis
999 467 1217 514 codicibus
1249 476 1292 511 et
1319 470 1363 510 in
1393 468 1587 510 Thilonis
1618 467 1749 523 speci-

264 542 378 582 mine
406 540 530 581 Halis
560 555 671 581 anno
701 539 806 581 1866
843 538 955 581 edito
985 539 1187 592 legimuS,
1217 549 1449 591 numquam
1477 549 1631 576 nomen
1661 533 1750 575 eius

264 607 333 649 vel
361 608 446 649 ista
475 612 614 648 aetate
644 611 734 646 tam
762 605 928 646 illustre
957 604 1123 645 fuisset.

374 674 466 715 Iam
502 687 604 714 vero
641 672 745 713 haec
784 671 889 711 mihi
924 670 1161 712 considera,
1221 668 1470 724 compilavit
1505 666 1751 708 Macrobius

265 739 511 781 Saturnalia
539 745 614 780 aut
642 744 740 793 post
769 737 909 778 editos
931 736 1071 778 Servii
1101 734 1439 786 commentarios,
1470 739 1518 774 ut
1545 733 1638 788 ipse
1669 738 1753 774 sta-

265 811 360 858 tuo,
401 811 498 857 aut,
536 819 645 859 quae
674 803 867 845 Thilonis
898 802 988 843 fere
1017 801 1158 857 opinio
1171 801 1211 857 ³¹⁶)
1242 805 1326 853 est,
1364 805 1591 854 antequam
1629 799 1674 839 hi
1707 800 1752 839 in

266 872 423 925 vulgus
454 870 559 911 editi
589 876 701 911 sunt.
760 870 841 910 hoc
868 874 918 909 ut
946 869 1091 909 verius
1122 881 1216 909 esse
1244 866 1478 922 paullisper
1506 866 1751 920 largiamur,

263 944 444 993 putasne
472 937 602 978 tantis
633 935 781 977 abillo
802 934 1002 976 laudibus
1033 933 1192 975 elatum
1220 938 1438 988 tamquam
1465 932 1577 973 inter
1607 945 1752 973 omnes

263 1018 349 1046 non
380 1003 515 1045 solum
545 1003 618 1058 qui
646 1009 751 1054 tum,
784 1000 859 1042 sed
888 1000 961 1055 qui
990 999 1131 1055 priore
1161 1000 1290 1040 etiam
1319 1013 1425 1040 aevo
1451 998 1636 1052 Vergilii
1664 1011 1752 1038 car-

264 1070 450 1111 minibus
487 1083 660 1124 operam
698 1066 915 1118 dederint,
946 1066 1138 1107 doctrina
1167 1071 1210 1107 et
1225 1052 1394 1106 *iudicio
1431 1070 1474 1105 et
1503 1064 1753 1105 auctoritate

263 1135 499 1191 principem
536 1134 611 1190 (cf.
641 1133 833 1189 prolegg.
873 1147 914 1187 p.
950 1132 1046 1186 104)
1087 1137 1175 1173 tam
1212 1131 1357 1172 ieiuna
1392 1136 1435 1172 et
1471 1128 1574 1171 vilia
1602 1135 1754 1185 postea

265 1202 479 1243 editurum
507 1200 638 1241 fuisse
667 1199 811 1254 qualia
838 1213 949 1239 nunc
986 1197 1030 1238 in
1059 1197 1309 1252 vulgaribus
1347 1196 1468 1237 libris
1498 1195 1753 1237 traduntur?

264 1274 436 1323 tamque
465 1266 705 1322 copiarum,
743 1278 848 1319 quas
877 1264 969 1319 ipse
1007 1264 1129 1319 quasi
1158 1263 1247 1304 dies
1277 1262 1457 1318 ipsaque
1485 1262 1627 1317 patria
1657 1276 1753 1316 sup-

264 1334 518 1389 peditasset,
562 1333 756 1386 ignarum
799 1329 869 1372 vel
912 1330 1174 1372 incuriosum
1216 1334 1389 1384 tamque
1430 1327 1569 1379 laudis
1613 1327 1752 1368 studio

268 1400 519 1442 destitutum
560 1398 714 1450 fuisse,
751 1402 801 1438 ut
835 1395 910 1438 illa
946 1410 1131 1452 quoque,
1170 1409 1278 1450 quae
1314 1395 1449 1450 ipsius
1486 1393 1684 1435 laudator
1713 1398 1755 1434 et

266 1465 500 1507 admirator
528 1463 651 1519 quasi
681 1463 734 1505 ab
763 1463 857 1518 ipso
877 1462 1054 1503 collecta
1072 1461 1232 1503 tradita
1251 1461 1426 1503 inventa
1444 1461 1571 1516 inque
1602 1459 1754 1500 doctis-

269 1532 470 1573 simorum
504 1530 721 1571 hominum
756 1528 1026 1584 popularium
1062 1533 1186 1570 coetu
1220 1527 1375 1583 partim
1403 1526 1572 1582 prolata
1599 1525 1756 1581 partim

267 1599 415 1640 audita
445 1589 683 1639 ceterorum
712 1595 978 1637 sermonibus
1006 1594 1172 1647 effudit,
1201 1593 1271 1636 vel
1299 1593 1516 1647 ignoraret
1543 1591 1613 1634 vel
1642 1605 1756 1647 sper-

265 1672 406 1717 neret,
443 1663 527 1705 nisi
563 1663 676 1704 forte
713 1663 758 1703 in
794 1661 1023 1717 puerorum
1052 1675 1175 1702 usum
1210 1660 1434 1701 tritissima
1462 1664 1630 1700 tantum
1659 1672 1756 1699 con-

267 1731 453 1773 scribere
491 1728 594 1770 satis
631 1728 811 1769 habuit?
849 1726 964 1782 quod
999 1741 1052 1768 ne
1091 1726 1312 1767 credamus
1342 1724 1428 1767 alia
1456 1723 1754 1766 reconditioris

271 1797 493 1839 doctrinae
521 1793 709 1836 frustula
736 1793 932 1849 quamvis
963 1792 1159 1834 mutilata
1187 1797 1349 1834 vetant.

381 1863 466 1904 Sed
495 1867 593 1902 ante
623 1859 880 1915 compositos
910 1873 936 1899 a
965 1859 1114 1900 Servio
1144 1858 1468 1900 commentarios
1488 1856 1756 1898 Macrobium

267 1928 510 1971 Saturnalia
546 1925 847 1982 compilavisse
876 1940 956 1966 nec
984 1925 1206 1980 probabile
1236 1930 1320 1978 est,
1351 1924 1552 1980 quoniam
1579 1937 1626 1964 re
1654 1936 1758 1964 vera

267 1995 536 2050 provectiore
573 1999 676 2034 tunc
712 1998 852 2033 aetate
888 1997 985 2032 euni
1020 1991 1162 2032 fuisse·
1184 1991 1429 2033 Macrobius
1459 1991 1551 2046 ipse
1581 1988 1605 2029 Ι
1632 1988 1673 2040 2,
1706 1988 1758 2029 15

269 2061 504 2116 significat,
548 2075 627 2101 nec
666 2058 867 2115 probavit
910 2057 1047 2099 Thilo.
1106 2057 1259 2112 quodsi
1297 2064 1393 2113 post
1428 2056 1567 2098 editos
1610 2059 1755 2096 tantus

270 2127 518 2170 Macrobius
539 2126 772 2168 Servianae
799 2123 1049 2166 eruditionis
1079 2138 1233 2179 praeco
1264 2123 1420 2175 extitit,
1450 2122 1651 2164 ruborem
1677 2119 1757 2172 illi,

268 2193 350 2234 sibi
379 2194 512 2234 mirae
540 2191 820 2246 benignitatis
851 2189 1176 2231 admirationem
1206 2189 1438 2245 quaesivit,
1469 2188 1543 2243 qui
1571 2191 1757 2242 praeter-

270 2259 422 2300 missas
453 2259 508 2300 ab
538 2258 611 2300 illo
641 2257 858 2299 doctrinae
888 2256 1033 2312 copias
1067 2257 1202 2298 amico
1242 2255 1334 2297 ludi
1361 2255 1565 2308 magistro
1596 2252 1758 2294 scilicet

269 2331 487 2380 tamquam
525 2325 688 2380 priscos
719 2324 846 2365 etiam
876 2322 1176 2377 grammaticos
1207 2320 1426 2378 superanti
1454 2319 1756 2361 litteratorum-

358 2468 390 2510 *)
415 2469 636 2502 ‘Saturnalia
661 2478 731 2509 quo
748 2470 908 2510 tempore
934 2468 1190 2500 conscribebat
1204 2466 1408 2500 Macrobius
1425 2465 1569 2499 servius
1594 2466 1656 2496 aut
1671 2473 1758 2496 non-

272 2526 353 2557 dum
381 2525 578 2567 scripserat
605 2524 879 2556 commentarios
908 2533 1009 2563 suos,
1045 2533 1258 2565 quamquam
1286 2520 1440 2563 Vergilii
1474 2518 1692 2553 carminibus
1719 2519 1757 2549 in

272 2580 415 2621 publico
436 2578 718 2622 interpretandis
739 2579 812 2610 iam
835 2588 1000 2620 magnam
1024 2578 1178 2610 eximiae
1201 2576 1412 2610 eruditionis
1430 2576 1563 2608 famam
1578 2574 1648 2607 sibi
1663 2584 1756 2606 com-

273 2637 478 2677 paraverat,
503 2638 566 2667 aut
585 2634 673 2666 editi
697 2634 841 2675 quidem
859 2633 1117 2671 commentarii,
1139 2633 1204 2666 sed
1226 2632 1412 2664 Macrobio
1429 2631 1609 2663 hominum
1625 2639 1757 2662 sermo-

273 2691 390 2733 nibus,
408 2701 479 2722 non
502 2689 655 2732 legendo
673 2689 827 2730 cogniti'
842 2698 877 2730 p.
891 2689 945 2722 50.
964 2698 1111 2729 quorum
1128 2687 1223 2729 quod
1238 2687 1399 2720 ultimum
1415 2686 1535 2728 posuit
1552 2685 1596 2717 de
1615 2683 1758 2726 aequali

275 2748 311 2777 et
332 2745 499 2787 populari
521 2748 558 2777 et
581 2743 695 2776 amico
718 2747 754 2776 et
775 2743 1052 2784 litteratissimo,
1069 2743 1301 2785 Vergilianae
1327 2742 1415 2774 artis
1438 2743 1546 2783 atque
1571 2739 1756 2772 doctrinae

275 2800 435 2834 studioso
453 2799 579 2832 credat
594 2797 905 2840 Iudaeussspella.
