1884 3126
358 135 385 175 4
942 150 1271 178 PROLEGOMENON

362 269 448 295 mus
479 262 670 296 moretum
709 257 871 296 culicem
903 260 1019 303 cirin,
1060 259 1245 297 habemus
1275 264 1441 310 septem,
1481 261 1513 298 si
1542 260 1702 298 Aetnam
1733 273 1844 311 prae-

358 330 476 368 tcrea,
508 329 594 362 octo
615 323 747 368 libros,
780 335 875 373 quos
897 332 1075 364 numerat
1104 325 1320 363 scholiasta.
1374 330 1411 363 et
1432 325 1563 375 quidni
1584 326 1643 364 his
1666 326 1845 364 omnibus

357 391 396 428 in
427 402 545 428 unum
577 403 715 440 corpus
745 392 912 441 receptis
941 393 1159 430 catalecton
1190 391 1342 430 titulum
1372 393 1404 429 is
1435 393 1499 442 qui
1522 393 1668 442 primus
1693 392 1846 442 collegit

356 457 621 507 inscripserit?
667 457 731 507 qui
772 456 872 507 apud
915 457 1105 495 Donatum
1151 462 1256 495 certe
1298 459 1337 495 in
1382 459 1499 496 totius
1545 460 1844 497 enumerationis

357 522 484 561 fronte
522 522 672 572 legitur.
733 522 798 560 sed
839 534 923 560 cum
962 523 1124 573 singulis
1161 522 1271 561 libris
1309 528 1346 561 et
1382 523 1542 562 inscribi
1580 524 1845 563 et'subscribi

356 588 498 627 soleret
534 594 640 627 certo
671 589 823 639 quidem
853 601 1015 627 nurnero
1046 589 1192 634 addito,
1231 594 1311 628 tum
1343 595 1471 629 autem
1500 594 1542 628 ut
1571 589 1684 629 fiebat
1714 590 1858 640 negle->

356 656 484 705 gentia
514 654 661 694 librarii
691 656 831 693 ceteris
861 654 955 694 locis
985 655 1148 695 omissus
1178 657 1238 700 sit,
1272 657 1397 694 evenit
1426 662 1467 695 ut
1496 657 1535 694 in
1567 657 1710 695 nostris
1738 656 1842 695 codi-

357 721 467 760 cibus
496 723 562 759 uni
592 726 741 761 tantum
773 722 1094 772 epigrammatum
1124 721 1224 760 libro
1248 721 1405 761 relictus
1426 728 1464 761 et
1493 723 1654 761 fortasse
1676 735 1695 760 a
1716 734 1842 772 gram-

356 789 504 826 maticis
534 801 688 839 quoque
718 789 859 827 cursim
886 789 1158 839 inscriptiones
1180 801 1226 827 ex
1247 800 1411 839 corpore
1434 788 1733 840 exem-pentibus
1753 789 1843 827 huic

355 853 427 892 soli
456 867 525 905 per
556 850 730 893 errorem
761 853 927 893 tributus
957 855 1017 893 sit.

464 919 560 958 Nam
598 932 697 971 quae
734 932 838 958 nunc
875 920 1086 959 catalecton
1118 922 1274 959 nomine
1303 920 1488 972 appellari
1517 921 1642 960 solent
1672 923 1841 960 carmina

355 986 536 1025 hilariora
565 988 814 1035 prolusiones
835 987 1017 1038 ‚antiquis
1054 988 1314 1036 grammaticis
1343 987 1534 1026 audivisse
1564 987 1760 1030 videntur,
1802 993 1843 1026 ut

355 1054 463 1091 testis
494 1057 551 1091 est
579 1053 784 1091 Diomedes
815 1065 853 1103 p.
875 1050 957 1092 512
985 1052 1043 1098 K„
1076 1054 1184 1091 euius
1213 1054 1252 1091 in
1282 1053 1353 1091 hac
1382 1058 1490 1104 parte
1521 1058 1717 1092 auctorem
1749 1054 1840 1093 Cae-

354 1120 451 1157 sium
490 1118 668 1162 Bassum,
707 1117 872 1157 Neronis
909 1118 1128 1169 aequalem,
1174 1119 1293 1157 fuisse
1331 1120 1462 1157 statuit
1499 1119 1743 1170 Westphalus
1783 1118 1842 1170 (de

354 1190 435 1223 arte
465 1186 624 1223 metrica
656 1184 891 1222 Graecorum
914 1185 945 1222 Π
973 1183 999 1222 2
1026 1197 1063 1235 p.
1087 1182 1138 1223 76
1159 1183 1272 1236 sqq).
1332 1198 1442 1224 usum
1474 1190 1601 1224 autem
1632 1185 1839 1236 Vergilium

354 1253 392 1290 in
424 1250 713 1302 prolusionibus
743 1251 820 1290 suis
850 1256 973 1289 metro
1004 1252 1162 1302 priapeo
1193 1251 1294 1302 quod
1327 1251 1436 1296 dicit,
1469 1252 1580 1302 quale
1611 1254 1659 1291 sit
1697 1254 1845 1291 ‘incide'

349 1319 530 1366 patulum
569 1319 609 1356 in
645 1328 801 1365 specum
832 1318 1111 1366 procumbente
1146 1317 1334 1368 Priapo',
1379 1319 1443 1368 qui
1481 1318 1689 1357 versiculus
1725 1317 1840 1356 hodic

353 1385 454 1423 inter
485 1382 725 1433 Vergilianae
755 1395 916 1434 poeseos
946 1382 1129 1434 reliquias
1159 1395 1237 1422 non
1266 1382 1419 1434 legitur,
1452 1389 1489 1422 et
1517 1384 1637 1423 relata
1668 1385 1744 1423 iam
1774 1383 1839 1422 illo

353 1454 527 1500 tempore
565 1449 611 1486 ad
650 1450 729 1488 cius
759 1450 1024 1488 auctoritatem
1060 1450 1217 1500 priapea
1248 1446 1435 1500 quaedam
1464 1449 1620 1500 probat,
1661 1462 1736 1500 quo
1766 1451 1838 1489 Do-

355 1517 429 1554 nati
462 1515 520 1553 vel
548 1515 721 1553 Suetonii
752 1520 788 1553 et
816 1515 937 1553 Servii
968 1516 1229 1553 testimonium
1261 1515 1543 1566 quodammodo
1574 1517 1838 1568 confirmatur,

354 1586 390 1618 et
421 1581 633 1631 pleniorem
664 1586 754 1619 tune
786 1580 1049 1631 prolusionum
1081 1581 1251 1631 syllogen
1281 1581 1450 1620 extitisse
1472 1594 1583 1632 quam
1606 1594 1705 1633 quae
1726 1582 1839 1621 hodie

353 1648 637 1686 circumfertur.
701 1659 787 1685 nam
822 1648 963 1685 mirum
995 1652 1112 1691 esset,
1154 1648 1186 1685 si
1215 1646 1366 1685 laudato
1396 1647 1553 1686 Marone
1583 1648 1679 1687 alius
1709 1651 1838 1688 nescio

353 1714 462 1752 cuius
500 1725 615 1764 quam
652 1712 765 1750 huius
801 1713 922 1763 ipsius
960 1717 1096 1763 poetae
1126 1712 1356 1750 versiculum
1387 1725 1457 1763 pro
1488 1714 1662 1764 exemplo
1693 1727 1839 1764 ponere.

353 1778 560 1817 maluisset.
620 1791 692 1817 nec
730 1778 1004 1816 dubitationem
1043 1779 1177 1828 peritis
1206 1778 1374 1816 movebit
1403 1779 1502 1828 quod
1533 1779 1668 1819 Atilius
1699 1781 1836 1819 Fortu-

352 1846 527 1883 natianus
567 1857 603 1895 p.
634 1842 744 1883 2675
781 1848 818 1882 et
855 1844 1109 1883 Terentianus
1148 1845 1302 1883 Maurus
1338 1858 1370 1882 v.
1401 1843 1511 1884 2769
1541 1857 1623 1897 sqq.
1661 1847 1838 1897 priapeos

351 1911 515 1949 inveniri
553 1911 592 1948 in
631 1910 787 1961 Vergilii
825 1910 1058 1949 hexametris
1097 1911 1363 1949 demonstrare
1401 1910 1557 1949 student
1595 1911 1696 1950 nulla
1733 1914 1835 1962 pria-

355 1989 515 2027 peorum
554 1978 727 2027 ipsorum
765 1977 862 2015 saeta
901 1978 1108 2015 mentione.
1169 1989 1253 2015 cum
1287 1978 1389 2015 enim
1421 1977 1593 2016 eiusdem
1624 1978 1835 2029 'Westphali

351 2044 527 2081 acumine
557 2048 719 2086 constet,
750 2043 822 2081 hos
853 2054 1004 2093 quoque
1035 2055 1080 2081 ex
1108 2043 1229 2082 Caesii
1258 2043 1365 2081 Bassi
1394 2044 1622 2081 auctoritate
1652 2044 1834 2094 pendere,

351 2110 566 2147 coniunctis
605 2109 758 2147 demum
792 2108 986 2146 Diomedis
1015 2108 1116 2147 Atilii
1146 2108 1369 2147 Terentiani
1407 2107 1501 2147 locis
1533 2109 1622 2158 quid
1653 2111 1692 2147 in
1723 2109 1837 2148 huius

353 2175 399 2213 (le
421 2176 555 2213 metris
584 2174 684 2213 libro
715 2174 896 2213 traditum
930 2175 1047 2213 suerit
1075 2173 1325 2223 intellegitur,
1358 2175 1422 2225 qui
1453 2179 1490 2212 et
1511 2186 1596 2213 vera
1618 2176 1776 2226 priapea
1796 2177 1835 2213 in

352 2239 638 2290 prolusionibus
669 2241 837 2280 Maronis
876 2245 1004 2278 extare
1042 2240 1200 2279 tradidit
1237 2245 1274 2279 et
1303 2241 1341 2278 in
1381 2239 1511 2278 herois
1549 2240 1721 2279 eiusdem
1760 2253 1835 2279 non

351 2307 475 2344 minus
511 2319 624 2357 quam
663 2308 701 2344 in
733 2307 891 2345 Homeri
930 2306 1101 2345 versibus
1137 2305 1339 2345 simulacra
1372 2306 1557 2355 quaedam
1589 2308 1702 2344 metri
1732 2307 1834 2345 illius

348 2373 510 2422 reperiri
548 2372 751 2411 adnotavit.
811 2377 848 2410 et
883 2372 1071 2423 praebent
1106 2374 1226 2411 nostri
1263 2383 1415 2423 quoque
1444 2376 1628 2423 quotquot
1657 2373 1833 2411 innotue-

351 2443 440 2476 runt
469 2437 681 2477 catalecton
713 2449 809 2487 quae
840 2437 951 2487 vulgo
982 2437 1225 2488 appellantur
1255 2438 1408 2477 codices
1439 2439 1633 2478 BHRXZ
1662 2437 1722 2488 (cf.
1744 2438 1833 2478 Sca-

348 2503 456 2553 ligeri
502 2504 628 2542 adnot.
659 2516 697 2554 p.
732 2501 826 2542 217.
857 2501 950 2553 219)
996 2506 1035 2542 in
1073 2505 1200 2543 fronte
1238 2504 1326 2543 libri
1364 2505 1436 2542 tria
1475 2505 1629 2554 priapea
1668 2516 1764 2554 quae
1794 2505 1832 2542 in

349 2569 560 2607 Burmanni
591 2569 808 2618 anthologia
840 2569 920 2608 Lat.
951 2575 1040 2608 sunt
1069 2570 1115 2608 Vl
1146 2568 1320 2618 84-86‚
1355 2571 1379 2619 (‘
1394 2582 1480 2608 vere
1510 2571 1621 2608 rosa'
1655 2581 1686 2607 e.
1720 2582 1755 2620 q.
1788 2582 1831 2614 s.,

345 2646 415 2683 ego
454 2634 568 2678 haee,
617 2646 687 2684 ego
710 2627 809 2674 'arte
848 2635 1033 2674 fabricata
1072 2638 1240 2675 rustica'
1280 2642 1317 2675 et
1340 2635 1489 2679 ‚³hunc
1528 2647 1618 2685 ego,
1663 2636 1830 2680 iuvenes,

352 2699 516 2750 ocum’),
564 2713 726 2750 quorum
767 2701 920 2739 tertium
962 2702 1008 2739 ad
1048 2702 1250 2741 Catulliani
1288 2702 1490 2746 carminis,
1534 2702 1642 2740 cuius
1680 2702 1829 2740 initium

348 2765 603 2804 Terentianus
623 2767 777 2805 Maurus
799 2780 830 2805 v.
855 2765 964 2806 2755
984 2778 1065 2818 sqq.
1089 2769 1264 2812 servavit,
1297 2767 1512 2818 exemplum
1536 2772 1657 2805 metro
1679 2779 1830 2818 quoque
