1884 3126
758 104 894 131 CAPUT
924 103 968 129 11.
1572 84 1627 125 29

106 219 261 259 chartas
300 218 541 269 transcripsi.
598 217 726 268 ipsum
765 219 896 254 autem
937 213 1168 252 Tliuaneum
1209 210 1257 250 ab
1295 211 1362 250 illo
1395 216 1625 263 excerptum

106 300 193 326 esse
224 286 425 338 perspexit
455 284 626 324 Naekius
659 283 752 335 (Cat.
786 296 823 334 p.
853 279 937 322 340
957 282 1042 334 sq).
1102 292 1191 320 cum
1224 280 1327 318 enim
1360 279 1529 318 duorum
1562 291 1626 318 co-

106 354 238 393 dicum
285 353 503 404 scripturas
541 352 704 391 Vossius
743 349 960 402 exemplari
1004 361 1074 388 suo
1120 347 1365 399 ascripserit,
1414 350 1627 398 utrumque

107 427 166 461 est
193 421 262 461 ubi
285 421 403 460 MSS.
429 426 517 459 nota
543 419 765 471 signaverit,
799 418 980 462 alterum,
1011 416 1278 460 Petavianum‚
1302 415 1395 453 satis
1416 414 1626 466 perspicue

107 488 223 528 modo
261 490 349 528 cod.
388 489 471 528 Pet.
511 487 627 526 modo
670 488 752 526 Pet.
793 485 909 524 modo
946 486 984 523 P
1016 482 1243 536 appellavit,
1282 483 1323 521 in
1362 481 1488 522 altero
1525 481 1627 520 desi-

107 556 262 607 gnando
302 557 401 595 notis
433 556 556 594 utitur
586 555 714 606 primo
757 555 792 592 V
817 552 877 592 vel
909 553 1006 603 MS,
1046 552 1114 592 sed
1147 550 1237 590 inde
1269 563 1302 589 a.
1335 563 1368 588 v.
1400 547 1457 588 24
1488 548 1626 588 culicis

109 624 179 663 liac
211 623 290 662 sola
322 625 377 669 V;
409 624 474 674 qui
504 622 626 662 semel
658 622 799 661 dicitur
837 622 880 661 V.
913 622 953 660 C.
980 621 1237 660 Tlmanoeus.
1297 622 1464 657 testatur
1496 621 1624 655 autem

105 691 268 731 Vossius
301 689 631 742 subscriptionem
663 688 787 734 illam,
826 701 942 741 quam
975 701 1020 727 ex
1051 687 1243 726 Tliuaneo
1273 685 1412 725 Naekii
1443 685 1482 723 in
1515 696 1627 723 usum

106 758 314 810 descripsit
344 757 546 805 hissenus,
579 757 746 809 reperiri
776 757 815 795 in
847 756 1159 807 ‘manuscriptis
1192 753 1426 806 quibuscum
1459 764 1627 804 sequen-

106 827 157 865 tia
204 825 450 865 contulerit'.
518 824 683 864 contulit
727 828 856 864 autem
903 824 1135 863 Thuaneum
1181 822 1227 861 ad
1276 821 1444 860 culicem
1488 831 1628 872 copam

106 899 301 932 moretum
323 893 427 931 diras
449 891 600 943 aliaque
621 891 868 943 anthologiae
890 892 1065 931 carmina
1087 894 1314 930 enumerata
1337 901 1358 928 a
1374 888 1522 928 Naekio
1544 887 1567 926 Ι.
1590 886 1628 931 1.,

107 972 276 1011 quorum
314 972 407 1012 pars
438 959 496 998 vel
534 961 574 998 in
605 960 906 999 Helmstadiensi
936 958 995 998 vel
1033 961 1073 998 in
1103 958 1400 1008 Belidigerano‚
1439 956 1629 1008 pleraque

106 1029 147 1066 in
177 1025 347 1077 iitroque
378 1027 562 1078 leguntur
585 1028 732 1077 (Burm.
764 1025 866 1066 142.
893 1024 985 1066 136.
1017 1026 1051 1066 11
1076 1024 1168 1066 195.
1200 1025 1254 1064 111
1284 1023 1350 1065 51.
1383 1023 1446 1064 75.
1469 1021 1539 1063 85.
1560 1020 1627 1061 92.

112 1093 202 1134 104.
243 1095 270 1132 V
299 1092 340 1132 2.
376 1093 438 1133 17.
470 1092 537 1133 29.
570 1092 636 1133 89.
671 1093 784 1146 101),
831 1094 900 1134 sed
937 1093 1010 1133 alia
1050 1094 1238 1133 Thuaneo
1283 1097 1376 1132 sunt
1414 1089 1627 1144 peculiaria

112 1161 139 1211 (l
173 1159 263 1200 102.
294 1159 384 1200 141.
417 1161 450 1200 11
483 1158 573 1201 159.
610 1159 703 1201 160.
738 1160 830 1201 161.
866 1159 1097 1202 163-169,
1135 1159 1228 1200 185.
1260 1158 1342 1200 257
1365 1171 1424 1210 sq.
1458 1156 1628 1199 111268.

111 1229 139 1266 V
167 1226 318 1267 3-13.
353 1226 528 1267 18-28,
561 1226 740 1268 30—39.
771 1226 952 1268 52—63.
974 1226 1040 1268 84.
1064 1226 1243 1268 90-99.
1270 1225 1503 1279 102-112)
1536 1239 1626 1278 par-

109 1296 174 1334 tim
205 1294 269 1332 illa
303 1294 364 1346 (111
394 1292 461 1334 51.
495 1293 562 1335 85.
595 1293 661 1334 92.
695 1294 826 1348 1169)
858 1297 938 1335 suis
969 1296 1152 1348 quodque
1183 1295 1426 1340 auctoribus,
1458 1298 1629 1334 Asmeno

107 1361 220 1401 Vitali
241 1363 414 1401 Vomano
444 1362 632 1401 Euforbio
665 1370 771 1402 recte
802 1363 1015 1414 adsignata.
1048 1365 1192 1416 partim
1214 1363 1386 1414 Vergilio
1419 1376 1466 1402 ex
1495 1364 1626 1414 inepta

107 1429 225 1468 medii
255 1430 338 1468 aevi
369 1431 644 1481 superstitione
676 1431 818 1471 tributa
853 1432 914 1483 (ef.
946 1432 1067 1486 Naek.
1100 1445 1139 1483 p.
1170 1430 1254 1471 226
1285 1431 1371 1483 sq).
1423 1430 1498 1470 alio
1531 1436 1628 1469 tem—

106 1509 203 1549 pore
240 1497 392 1549 alioque
431 1504 652 1538 atramento
685 1498 731 1538 ad
763 1499 928 1551 Priapea
959 1499 1065 1538 idem
1097 1500 1256 1538 Vossius
1289 1499 1469 1550 ascripsit
1504 1499 1628 1548 scrip-

107 1570 214 1605 turas
255 1566 288 1603 V
312 1564 409 1615 siglo
441 1571 610 1611 notatas,
652 1566 722 1606 has
751 1571 794 1605 ut
823 1566 899 1605 alio
932 1579 977 1606 ex
1009 1566 1146 1606 codiee
1177 1572 1352 1618 sumptas
1383 1578 1468 1605 esse
1501 1567 1627 1617 suspi-

108 1638 218 1672 cetur
251 1632 419 1672 Naekius
448 1646 486 1684 p.
518 1631 614 1673 341.

219 1700 362 1740 Culicis
400 1700 590 1740 lectiones
631 1714 678 1740 ex
715 1701 904 1741 Tbuaneo
945 1707 1149 1754 excerptas
1188 1715 1209 1741 3
1250 1703 1386 1741 Vossio
1427 1714 1473 1741 ex
1511 1701 1628 1740 huius

107 1767 322 1819 exemplari
360 1781 478 1820 supra
519 1768 675 1808 laudato
713 1770 751 1808 in
783 1783 896 1809 suum
929 1769 1127 1809 transtulit
1158 1769 1483 1822 Oudendorpius,
1524 1769 1626 1821 quod

107 1836 233 1887 ipsum
266 1848 421 1888 quoque
453 1849 498 1875 ex
532 1836 768 1876 bibliotheca
801 1837 983 1877 Leidensi
1013 1837 1083 1876 ubi
1114 1837 1342 1877 adservatur
1375 1838 1511 1889 (catal.
1535 1838 1625 1876 bibl.

107 1904 216 1943 Leid.
254 1903 512 1954 Oudendorp.
546 1917 583 1943 n.
622 1902 714 1950 127,
748 1906 955 1944 continens
992 1905 1178 1945 catalecta
1210 1904 1360 1956 Virgilii
1392 1909 1430 1944 et
1460 1904 1625 1944 aliorum

108 1975 312 2022 poetarum
335 1971 564 2010 Latinorum
598 1977 772 2012 veterum
803 1974 997 2025 poematia
1033 1978 1119 2013 cum
1154 1973 1448 2013 commentariis
1469 1972 1627 2024 loscplii

109 2038 307 2089 Scaligeri.
354 2038 476 2090 Lugd.
526 2040 608 2079 Bat.
652 2038 772 2092 1617)
820 2040 914 2079 mihi
953 2040 1185 2080 translatum
1226 2041 1425 2092 inspicere
1465 2041 1629 2091 contigit

109 2106 170 2158 (cs.
204 2106 371 2145 Naekius
400 2119 437 2158 p.
471 2104 579 2159 375).
642 2120 792 2148 errasse
824 2109 1115 2152 Burmannum,
1156 2109 1221 2160 qui
1260 2110 1430 2147 alterum
1471 2110 1628 2147 Vosse'ct-

107 2185 200 2214 num
222 2186 339 2225 quem
372 2174 466 2214 dicit
497 2174 695 2215 diversum
727 2189 748 2215 3
768 2175 958 2215 Thuaneo
982 2188 1067 2216 esse
1089 2176 1294 2227 putaverit,
1318 2187 1392 2214 nee
1414 2174 1625 2214 Schraderi

108 2241 296 2280 ‘alterum
336 2242 590 2281 Vossianum'
637 2248 704 2282 aut
741 2244 1012 2282 Friesemanni
1050 2243 1331 2282 eVossianum'
1371 2241 1488 2281 alium
1529 2255 1626 2292 esse,

109 2309 281 2360 quamvis
311 2309 349 2347 in
371 2309 659 2348 transferendis
682 2322 728 2348 ex
751 2309 824 2349 lior.
856 2311 1031 2361 margine
1068 2311 1108 2348 in
1138 2309 1247 2348 illum
1272 2309 1506 2349 lectionibus
1529 2323 1626 2350 non·

110 2375 214 2414 nulla
245 2387 317 2427 per
348 2387 525 2415 errorem
559 2382 704 2416 mutata
734 2378 821 2426 sint,
854 2378 949 2417 satis
980 2377 1259 2416 demonstravit
1287 2377 1456 2416 Naekius
1485 2391 1522 2430 p.
1545 2376 1628 2418 342

109 2456 165 2495 sq.
210 2455 342 2482 meum
374 2444 413 2482 in
446 2456 575 2488 usum,
608 2449 818 2496 postquam
850 2450 1033 2497 excerpta
1053 2445 1119 2484 illa
1141 2446 1180 2484 in
1202 2445 1368 2484 schedas
1390 2458 1498 2485 meas
1522 2451 1627 2485 tran-

109 2511 352 2562 seripseram,
387 2512 719 2551 accuratissimam
751 2512 905 2558 culicis,
938 2525 1079 2565 copae,
1111 2510 1390 2552 versiculorum
1422 2512 1470 2551 de
1502 2519 1561 2553 est
1591 2520 1630 2553 et

109 2579 201 2624 non,
223 2578 271 2618 de
300 2580 544 2618 institutione
577 2580 647 2618 viri
678 2579 784 2625 boni,
809 2579 856 2619 de
886 2582 998 2626 rosis,
1023 2581 1163 2618 moreti
1185 2580 1353 2630 denique
1375 2579 1626 2621 collationem

110 2646 276 2685 instituit
295 2646 354 2685 W.
380 2646 642 2690 Froebnerus,
667 2648 775 2686 cuius
806 2660 878 2699 ope
910 2661 997 2687 cum
1031 2647 1272 2698 diligentiam
1293 2647 1420 2686 Vossii
1450 2649 1490 2687 in
1512 2648 1627 2700 longe

112 2712 310 2765 plerisque
332 2715 600 2753 confirmatam
625 2714 799 2759 viderim,
823 2716 1012 2765 quaedam
1038 2721 1167 2754 tamen
1191 2715 1322 2755 addidi
1344 2720 1381 2754 et
1402 2717 1517 2756 tacite
1541 2729 1627 2756 cor—

112 2781 207 2819 rexi.
253 2781 321 2821 sed
354 2781 414 2821 bis
447 2781 503 2820 vcl
536 2786 606 2827 ter,
641 2781 706 2820 ubi
736 2782 853 2834 paulo
874 2784 1028 2834 gravior
1049 2784 1152 2823 iuter
1172 2789 1383 2836 utrumque
1405 2784 1626 2824 differentia
