1884 3126
336 115 415 155 162
949 133 1196 160 CATALECTA.

442 250 544 277 nunc
574 238 685 278 aliam
716 252 762 278 ex
792 239 864 278 alia
896 240 1075 279 bellando
1106 255 1293 293 quaerere
1323 248 1490 292 gentem,

497 311 650 349 vincere
681 315 719 350 et
747 311 890 350 Oceani
920 312 1060 351 finibus
1089 312 1278 352 ulterius?

389 423 391 427 f
439 393 517 420 non
547 387 722 421 nostrum
752 389 811 422 est
842 388 983 428 tantas,
1017 396 1112 429 non,
1144 386 1318 435 inquam,
1351 387 1539 437 attingere
1570 386 1713 432 laudes,
1764 389 1814 425 55

494 455 585 503 quin
616 455 739 493 ausim
769 455 843 493 11οο
873 456 985 494 etiam
1017 456 1164 501 dicere,
1195 458 1256 495 vix
1290 456 1488 496 hominum
1521 464 1592 496 est:

439 526 521 576 ipsa
550 526 663 574 haec,
695 527 779 577 ipsa
811 526 938 565 ferent
965 539 1095 567 rerum
1127 534 1374 574 monumenta
1408 541 1479 580 per
1510 529 1656 573 orbem,

492 598 578 648 ipsa
607 597 680 636 sibi
710 599 910 648 egregium
939 599 1035 638 sacta
1067 600 1184 640 decus
1215 602 1383 650 parient;

438 681 508 707 nos
539 681 582 708 ea
613 682 710 720 quae
740 675 865 709 tecum
897 671 1089 710 finxerunt
1119 674 1287 711 carmina
1318 673 1405 715 divi,

493 739 676 791 Cynthius
707 746 744 780 et
773 742 922 787 Musae,
954 742 1128 782 Bacchus
1159 750 1196 782 et
1223 743 1366 794 Aglaie.
1763 748 1815 784 (30

435 813 466 850 si
497 812 650 851 laudem
681 815 871 864 aspirare,
904 814 1058 854 humilis
1086 817 1119 854 si
1148 815 1254 854 adire
1285 828 1476 861 camenas9

490 886 522 923 si
552 886 675 935 patrio
706 885 841 924 Graios
871 887 1041 925 carmine
1070 887 1177 926 adire
1207 888 1307 927 sales

435 968 660 1007 possumus,
692 958 832 1008 optatis
861 958 946 1009 plus
975 959 1051 996 iam
1083 958 1328 1009 procedimus
1358 961 1469 1011 ipsis:

490 1028 562 1066 hoc
593 1030 683 1068 satis
714 1034 788 1073 est;
819 1031 951 1081 pingui
982 1030 1035 1069 nil
1066 1030 1160 1069 mihi
1189 1043 1276 1069 cum
1308 1031 1462 1083 populo.

1016 1171 1122 1214 XII.

367 1251 369 1253 ’
432 1252 571 1301 Aspice
601 1261 716 1300 quem
746 1250 871 1289 valido
900 1250 1106 1289 subnixum
1137 1250 1257 1301 gloria
1288 1252 1409 1302 regno

491 1322 602 1361 altius
634 1328 672 1361 et
702 1322 798 1360 caeli
828 1322 984 1361 sedibus
1015 1321 1221 1361 extulerat:

437 1399 626 1433 terrarum
657 1394 722 1433 hic
754 1393 854 1433 bello
884 1406 1064 1444 magnum
1093 1401 1344 1434 concusserat
1373 1395 1518 1440 orbem,

489 1466 552 1505 hic
581 1478 694 1516 reges
723 1467 834 1505 Asiae
865 1466 1050 1516 fregerat,
1083 1466 1146 1505 hic
1176 1466 1359 1517 populos;

326 1604 382 1650 agi
404 1602 485 1637 BH
556 1602 607 1638 53
630 1612 738 1649 quere
759 1601 802 1636 H
875 1601 927 1638 54
948 1598 1095 1650 finibus]
1120 1601 1253 1636 uiribus
1275 1601 1401 1637 finibus
1419 1602 1461 1637 H
1533 1602 1583 1639 55
1606 1607 1717 1638 tantas
1739 1614 1809 1638 non

322 1659 464 1705 inquam
494 1658 530 1692 B
566 1662 620 1692 est
656 1658 798 1703 inquam
828 1661 941 1692 tantas
972 1656 1088 1693 ΧΖεα
1126 1661 1238 1692 tantas
1276 1657 1417 1704 inquam
1455 1662 1510 1693 est
1541 1658 1614 1693 HR
1646 1667 1808 1705 umquam

326 1717 438 1748 tantas
461 1712 634 1759 Scaliqer
719 1712 771 1748 56
793 1713 928 1747 hausim
949 1713 991 1748 H
1073 1711 1123 1747 57
1146 1712 1219 1758 ipsa
1252 1712 1335 1747 haec
1355 1724 1392 1748 se
1413 1713 1487 1760 ipsa
1508 1713 1717 1749 Salmasius
1735 1714 1809 1760 ipsa

323 1768 407 1803 haec
428 1773 463 1802 te
492 1768 566 1815 ipsa
590 1767 873 1812 Oudendorpius
893 1777 971 1802 sese
991 1767 1076 1802 haec
1096 1768 1167 1813 ipsa
1189 1766 1370 1802 Heinsius
1444 1765 1574 1817 serent]
1598 1765 1687 1803 sei-⁹
1706 1768 1746 1802 B·

323 1824 534 1858 monimenta
565 1822 620 1856 Ζα
743 1821 794 1858 58
826 1822 877 1856 Isa
906 1822 943 1856 H
1040 1818 1122 1870 sibi]
1156 1822 1259 1856 etiam
1289 1823 1348 1858 Xe
1471 1822 1522 1859 59
1553 1823 1622 1858 Nos
1653 1834 1691 1858 ea
1722 1835 1809 1870 quae

322 1890 391 1914 om.
424 1887 443 1914 ε
474 1876 644 1924 (lacuna)
730 1887 799 1923 que
829 1876 863 1911 R
949 1882 1079 1912 tectum
1106 1877 1148 1911 H
1228 1877 1379 1912 fixerunt
1408 1878 1450 1912 Χ
1558 1878 1610 1914 60
1639 1878 1808 1925 Cynthius

322 1938 357 1968 et
386 1932 504 1968 Musae
534 1945 601 1969 om.
635 1941 654 1969 ε
684 1930 854 1978 (lacuna)
939 1931 1097 1967 Cinthius
1127 1931 1171 1966 H
1251 1943 1347 1967 musa
1379 1932 1420 1966 H
1501 1932 1630 1968 bachus
1653 1933 1732 1969 BH

322 1988 442 2035 Aglaie
470 2000 505 2028 oc,
535 1999 602 2024 om.
636 1987 666 2022 Z
693 1987 806 2034 egialo
827 1987 959 2024 BRXe
989 1987 1080 2034 egile
1101 1987 1144 2022 H
1253 1987 1301 2023 61
1332 1988 1361 2022 si
1391 1987 1528 2023 laudem
1558 1989 1709 2035 aspirare
1739 2001 1805 2025 om.

322 2052 341 2079 ε
371 2042 540 2089 (lacuna)
624 2041 744 2077 laudes
773 2054 798 2076 οι
882 2043 1034 2090 aspirare
1064 2042 1101 2077 B
1129 2043 1315 2088 aspirarem
1347 2042 1387 2076 H
1415 2044 1562 2089 aspirem
1594 2043 1726 2080 RXZoc

322 2098 443 2133 humili
472 2110 514 2143 α,
558 2098 843 2143 Oudendorpius
954 2098 982 2132 si
1016 2097 1052 2131 Β
1086 2096 1148 2132 sed
1179 2096 1372 2133 HRXZeoc
1409 2103 1443 2132 et
1479 2098 1531 2133 Is.
1576 2099 1724 2134 Vossius
1760 2101 1811 2134 cul

324 2152 458 2189 Catull.
495 2165 534 2199 p.
568 2153 618 2189 18
655 2153 736 2188 licet
774 2152 1058 2199 Oudendorpius
1170 2152 1288 2187 audire
1318 2152 1379 2188 He
1417 2157 1491 2187 arte
1524 2152 1808 2199 Oudendorpius

405 2219 562 2243 camenas
594 2208 788 2253 Hauptius
823 2218 989 2243 camoena
1017 2219 1041 2242 α
1071 2208 1204 2242 cirenas
1234 2208 1270 2242 B
1306 2218 1450 2254 cyrenas
1490 2207 1613 2248 HRZ,
1657 2209 1807 2244 Vossius

322 2265 455 2299 sirenas
485 2264 555 2309 Χε,
599 2264 736 2299 Veneta
767 2273 928 2298 camenae
961 2263 1245 2308 Oudendorpius
1329 2263 1452 2297 humili
1482 2262 1563 2298 licet
1594 2267 1671 2298 utar
1700 2274 1805 2299 avena

333 2320 544 2366 Waynerus
655 2318 708 2358 Si,
739 2318 820 2353 licet
850 2319 1026 2365 asperius,
1058 2317 1160 2352 simili
1189 2318 1336 2353 recitare
1366 2328 1506 2353 camena
1535 2317 1807 2365 Hertzberyius

407 2373 457 2410 62
488 2374 518 2408 si
546 2374 659 2421 patrio
690 2373 810 2408 Graios
841 2385 908 2408 om.
940 2382 959 2410 ε
989 2371 1158 2419 (lacuna)
1274 2372 1329 2408 Sic
1359 2372 1506 2408 HRXZ
1604 2374 1755 2408 carmina
1787 2383 1805 2410 ε

406 2439 568 2476 promere
601 2428 886 2474 Oudendorpius
914 2427 1041 2463 habere
1082 2427 1296 2463 Walclcerus
1409 2428 1458 2464 63
1490 2438 1677 2474 possumus
1708 2433 1806 2475 opta-

324 2485 368 2519 tis
398 2484 477 2531 plus
508 2496 576 2520 om.
608 2492 628 2520 ε
657 2482 826 2529 (lacuna)
871 2501 875 2504 ·
912 2484 1048 2529 oppatis
1078 2482 1115 2517 B
1227 2481 1278 2519 64
1308 2483 1373 2518 1100
1401 2482 1446 2517 H
1523 2479 1590 2531 nil]
1624 2483 1679 2518 uel
1708 2495 1733 2517 α

433 2538 503 2574 XII.
556 2539 575 2574 1
619 2538 768 2585 Adspice
803 2539 837 2573 B
884 2537 906 2572 S
945 2538 1040 2584 spice
1079 2537 1113 2572 R
1253 2537 1368 2573 ualido
1399 2537 1520 2574 ΒΗεα
1557 2537 1659 2573 uideo
1679 2536 1802 2582 RXZ,

335 2594 474 2629 Veneta
510 2593 619 2628 uiduo
649 2590 697 2627 al
794 2592 919 2630 invidia
950 2592 1221 2640 Hertzberyius
1320 2593 1421 2640 regni
1450 2593 1723 2639 Hertzberffl‘us

325 2648 347 2683 2
379 2649 495 2683 Alcius
517 2648 560 2683 H
639 2648 727 2683 coeli
750 2648 785 2683 B
814 2647 879 2683 celi
900 2647 943 2683 H
968 2649 1070 2695 regni
1091 2647 1159 2682 RZ
1268 2647 1292 2683 3
1322 2647 1450 2683 bellum
1473 2648 1503 2682 Z
1586 2651 1720 2682 terrore
1749 2648 1804 2683 1110

324 2702 405 2738 belli
436 2703 685 2739 Ruhnkem'us
714 2704 766 2739 ad
800 2702 976 2739 Velleium
1005 2702 1033 2737 11
1064 2703 1126 2744 18,
1158 2703 1182 2739 3
1274 2702 1417 2750 Magnus
1459 2703 1608 2739 Vossius
1637 2707 1672 2737 et
1702 2703 1800 2739 Bur-

324 2769 485 2795 mannus
575 2757 661 2794 orbo
692 2767 711 2795 ε
823 2757 848 2793 4
877 2758 948 2793 asie
977 2757 1019 2792 H
1116 2758 1171 2793 hic
1199 2757 1351 2805 populos
1380 2757 1538 2797 BRXZ,
1581 2757 1718 2794 Veneta
1749 2758 1805 2793 hic
