1884 3126
303 101 380 142 182
941 117 1143 144 noserum.

408 223 486 261 vidi
516 225 702 263 Paestano
733 225 902 274 gaudere
933 227 1080 264 rosaria
1111 226 1230 271 cultu,

464 297 661 334 exoriente
690 309 788 334 novo
818 296 966 335 roscida
996 297 1195 336 Lucifero:

407 379 492 406 rara
522 368 718 418 pruinosis
748 368 909 407 canebat
938 380 1088 419 gemma
1118 369 1281 414 frutetis,

462 439 508 477 ad
539 441 653 490 primi
681 440 811 478 radios
840 441 1043 479 interitura
1074 441 1147 478 die.

407 510 644 560 ambigeres,
675 519 880 562 raperetne
908 513 1007 551 rosis
1036 512 1182 551 Aurora
1212 513 1393 552 ruborem
1735 517 1784 554 15

461 594 509 620 an
539 583 649 622 daret
679 588 716 621 et
744 582 860 622 flores
889 585 1083 634 tingueret
1112 589 1195 623 orta
1227 585 1319 623 dies.

405 667 469 693 ros
499 667 616 700 unus,
649 654 755 693 color
785 667 883 694 unus
913 660 950 694 et
981 668 1098 694 unum
1129 669 1241 695 mane
1271 657 1456 695 duorum:

460 726 598 765 sideris
627 732 665 766 et
693 727 801 766 floris
831 739 919 767 nam
950 727 1102 766 domina
1134 741 1209 767 una
1240 730 1378 767 Venus.

403 799 535 837 forsan
565 803 603 837 et
632 811 732 837 unus
762 799 876 837 odor:
909 799 977 838 sed
1007 799 1146 838 celsior
1174 800 1239 838 ille
1269 813 1338 852 per
1368 813 1482 839 auras

460 870 646 916 difflatur,
678 872 798 922 spirat
824 872 1022 922 proximus
1050 872 1123 910 iste
1153 874 1285 922 magis.
1732 875 1785 912 20

405 943 619 981 communis
647 942 792 994 Paphie
823 942 893 982 dea
922 943 1060 982 sideris
1091 949 1128 982 et
1158 944 1229 983 dea
1259 945 1366 983 floris

457 1015 645 1065 praecipit
673 1015 785 1053 unius
815 1015 973 1053 muricis
1004 1027 1087 1054 esse
1117 1015 1299 1055 habitum.

403 1091 642 1125 momentum
671 1087 878 1131 intererat,
910 1097 985 1136 quo
1015 1099 1056 1125 se
1086 1089 1282 1126 nascentia
1313 1089 1450 1128 florum

457 1159 631 1208 germina
661 1158 910 1209 comparibus
941 1158 1156 1198 dividerent
1184 1161 1330 1211 spatiis.

403 1229 497 1269 haec
526 1231 624 1269 viret
653 1235 817 1280 angusto
847 1229 1025 1269 foliorum
1056 1236 1156 1270 tecta
1186 1232 1330 1282 galero,
1732 1236 1783 1272 25

458 1301 557 1340 hanc
586 1303 693 1340 tenui
722 1301 813 1340 folio
843 1315 1016 1354 purpura
1044 1302 1161 1342 rubra
1193 1309 1311 1350 notat,

404 1372 498 1411 haec
527 1374 651 1425 aperit
678 1375 795 1425 primi
825 1374 973 1425 fastigia
1004 1374 1105 1415 celsa
1135 1375 1297 1415 obelisci

289 1531 386 1556 mum
417 1531 537 1556 vacua
567 1522 654 1563 rel.)
677 1521 728 1566 H,
759 1523 844 1556 item
875 1521 929 1566 VI,
963 1524 1037 1557 nisi
1064 1523 1164 1568 quod
1182 1535 1214 1559 v.
1239 1523 1258 1558 1
1292 1528 1432 1559 assueta
1462 1524 1511 1560 Vl
1595 1528 1741 1560 steterat
1770 1526 1785 1561 l

372 1575 463 1610 diem
504 1575 535 1611 V
616 1588 649 1612 v.
680 1575 703 1612 2
734 1576 896 1623 grauidas
925 1573 945 1612 l
1034 1583 1089 1612 eat
1118 1589 1186 1614 om.
1231 1579 1272 1615 Vl
1376 1591 1407 1615 υ.
1441 1579 1464 1615 3
1495 1584 1649 1626 postano
1680 1581 1693 1615 l

292 1630 348 1665 11·
372 1635 518 1677 pestano
550 1631 631 1667 BY
736 1631 890 1679 gaudere
919 1644 949 1667 ω
979 1631 1128 1668 candere
1159 1633 1370 1670 Scriverius
1514 1634 1563 1670 12
1594 1635 1713 1671 rosida
1743 1636 1785 1672 H

290 1697 336 1721 m.
361 1686 380 1720 1
498 1686 548 1722 13
579 1686 748 1722 candebat
789 1687 831 1723 Vt
929 1687 1089 1723 frutectis
1120 1689 1200 1724 BY
1224 1689 1404 1725 fructectis
1434 1690 1477 1726 H
1504 1690 1628 1725 fruetis
1658 1692 1672 1726 l

1683 1742 1729 1766 ffie

294 1773 344 1809 14
373 1775 505 1822 primos
548 1775 597 1812 Ve
626 1771 742 1822 primii
774 1777 788 1811 l
880 1775 978 1811 radio
1008 1778 1023 1811 l
1114 1777 1206 1812 inter
1235 1788 1318 1812 aura
1355 1778 1390 1813 Y
1500 1778 1548 1814 15
1579 1779 1670 1813 rosis
1701 1790 1783 1813 aura

291 1829 503 1875 (suprascr.
526 1841 571 1865 m.
595 1828 690 1875 rec.)
712 1831 747 1865 B
776 1830 866 1865 rosis
898 1835 981 1866 tunc
1001 1842 1082 1866 aura
1102 1840 1122 1868 ε
1236 1832 1286 1868 16
1317 1834 1500 1880 tingueret
1521 1833 1602 1868 BF
1626 1834 1782 1880 tingeret

288 1890 322 1930 ψ
391 1884 458 1920 ’17
490 1884 627 1920 Rosunt
656 1885 755 1920 color
783 1884 819 1920 Y
911 1885 1057 1921 deorum
1085 1896 1104 1923 ε
1220 1887 1269 1924 18
1300 1884 1398 1936 nam]
1432 1893 1486 1923 est
1515 1889 1592 1926 Ζεα
1620 1899 1700 1924 nam
1729 1894 1784 1924 est

291 1941 333 1975 H
422 1951 488 1974 una
520 1951 587 1976 om.
628 1940 663 1976 Y
687 1951 790 1987 unaq-
823 1940 867 1975 H
989 1941 1037 1977 19
1069 1953 1124 1989 sq.
1154 1947 1351 1988 suspectos
1379 1944 1491 1979 habet
1522 1944 1778 1985 Burmannus,

290 1996 358 2030 sed
380 1995 550 2041 fortasse
571 1995 620 2030 21
641 1991 697 2041 sq.
718 1998 844 2040 polius
871 1998 1099 2042 interpolati.
1218 1998 1265 2034 19
1296 1997 1411 2034 Fosan
1432 2004 1468 2034 et
1495 1999 1530 2034 Y
1545 1998 1707 2034 Forsitan
1740 2000 1780 2035 Vl

363 2055 419 2085 set
444 2050 479 2085 Y
577 2050 630 2087 20
659 2050 819 2086 Difllatur
839 2061 859 2088 ε
888 2050 1000 2091 Dissse,
1031 2054 1069 2088 in
1089 2065 1158 2099 my.
1181 2065 1227 2088 m.
1250 2064 1327 2089 rec.
1352 2053 1374 2088 l'
1397 2053 1553 2090 difflatur
1574 2055 1609 2090 B
1629 2054 1729 2089 Dissse
1755 2055 1791 2090 Y

291 2105 423 2140 Difssuit
453 2110 488 2140 et
508 2105 620 2142 HVZ
645 2105 773 2141 Dessuit
803 2111 838 2141 et
866 2108 880 2142 l
908 2105 1023 2142 effluit
1052 2112 1088 2142 et
1106 2108 1294 2144 Iunianus
1384 2105 1492 2155 spirat
1521 2110 1552 2145 Y
1634 2109 1782 2144 diffluit:

291 2161 443 2207 exspirat
476 2161 615 2197 Tollius
717 2157 915 2209 proximus]
948 2162 1094 2198 forsitan
1122 2165 1135 2199 l
1266 2163 1315 2199 21
1348 2164 1496 2211 paphiae
1528 2165 1562 2199 B
1590 2164 1716 2212 paphie
1755 2164 1790 2200 Y

288 2216 413 2264 paphie
445 2221 480 2251 et
507 2218 521 2251 l
549 2216 684 2262 pasithe
714 2217 756 2252 H
837 2217 880 2252 de
901 2217 942 2252 H
959 2229 1004 2252 m.
1032 2217 1051 2252 1
1083 2220 1172 2254 seal
1286 2218 1336 2254 22
1367 2215 1541 2267 habitum]
1573 2229 1689 2254 rosam
1711 2218 1785 2255 HZ

375 2270 426 2306 23
457 2272 549 2306 inter
587 2276 660 2306 erat
697 2272 733 2306 B
767 2273 916 2307 intereat
953 2272 996 2307 H
1029 2273 1161 2308 interea
1200 2274 1231 2309 Z
1348 2271 1438 2323 quo]
1478 2286 1499 2310 o
1537 2274 1642 2328 m.1‚
1675 2285 1774 2311 corr.

290 2328 327 2360 in
357 2323 379 2373 d
410 2326 451 2362 H
573 2327 736 2362 nacencia
780 2327 812 2363 Y
844 2328 1020 2363 nectentia
1056 2329 1087 2364 Z
1225 2328 1277 2364 24
1307 2328 1468 2365 Germine
1498 2329 1545 2364 H
1567 2342 1613 2365 m.
1640 2330 1669 2365 >1

292 2413 503 2460 conparibus
548 2414 583 2450 Y
621 2414 814 2461 disparibus
860 2415 902 2451 H
912 2416 954 2451 Vl
1093 2416 1218 2452 diuidit
1261 2418 1296 2452 in
1341 2418 1371 2452 Z
1411 2383 1619 2453 diuidiiemut
1663 2416 1779 2463 (corr.

289 2481 335 2504 m.
360 2468 397 2514 2)
427 2470 470 2504 H
579 2469 630 2505 25
661 2469 731 2505 Nec
760 2471 803 2506 H
892 2469 1044 2506 filiorum
1086 2472 1114 2507 V
1198 2472 1314 2519 galera
1341 2474 1355 2508 l
1467 2472 1518 2510 26
1549 2473 1621 2508 Hac
1652 2472 1780 2509 BVYZ

374 2525 472 2559 tenui
503 2534 549 2561 εα
577 2526 674 2560 tenui
705 2530 740 2560 et
770 2525 814 2560 H
839 2530 941 2561 tenus
972 2526 1025 2566 in,
1061 2528 1098 2562 in
1128 2538 1197 2574 my.
1229 2539 1274 2562 m.
1307 2538 1386 2563 rec.
1416 2527 1438 2563 1'
1469 2529 1585 2563 tenuis
1620 2528 1650 2562 B
1681 2533 1780 2562 tenus

289 2579 325 2614 in
363 2579 398 2614 Y
423 2585 524 2614 tenus
555 2585 590 2615 et
631 2581 702 2616 VZl
812 2581 886 2621 nit3
927 2580 959 2617 V
1068 2581 1118 2617 27
1150 2583 1269 2628 prima,
1302 2593 1403 2618 corr.
1433 2595 1480 2619 m.
1506 2584 1525 2618 1
1549 2586 1585 2619 in
1614 2583 1714 2629 primi
1745 2581 1782 2616 B

290 2634 402 2680 prima
439 2634 491 2671 ΥΕ
609 2634 776 2670 oboelisci
813 2636 848 2671 Y
939 2635 1032 2672 Haec
1068 2637 1182 2684 aperit
1218 2638 1319 2684 primi
1349 2637 1489 2685 fastigia
1517 2637 1619 2678 celsa,
1649 2638 1781 2673 deinde

291 2700 413 2724 vacua
444 2691 580 2724 relicta
610 2701 686 2725 una
715 2692 815 2726 linea
837 2690 909 2727 Hec
928 2692 1039 2738 aperit
1067 2692 1179 2739 prime
1210 2692 1341 2728 florens
1361 2690 1475 2738 pludia
1494 2692 1606 2728 forme
1633 2693 1664 2727 V
1689 2692 1781 2727 Ilaec

289 2744 401 2797 aperit
427 2745 558 2791 primae
588 2743 718 2782 ssOPenS
749 2745 928 2796 praeludia.
957 2745 1089 2784 ‚formae
1109 2742 1126 2798 ΙΙ
1147 2747 1220 2784 IIec
1248 2748 1359 2796 aperit
1386 2748 1488 2796 primi
1519 2747 1656 2783 fastidia
1687 2736 1779 2783 celsa
