1884 3126
339 142 416 182 186
942 160 1017 186 EST
1046 162 1097 186 ET
1127 161 1217 186 NON.

444 267 476 303 si
507 267 762 311 consentitur,
794 280 900 306 mora
933 267 1054 312 nulla,
1085 269 1291 307 intervenit
1321 271 1402 308 ‘est
1432 273 1529 314 est’;

443 338 502 375 sin
532 342 845 383 controversum,
878 339 1067 378 dissensio
1096 340 1262 378 subiciet
1290 343 1424 379 ‘non'.

444 409 532 447 hinc
559 410 640 448 sora
671 410 875 450 dissultant
905 411 1155 456 clamoribus,
1191 411 1281 451 hinc
1311 413 1445 451 furiosi
1767 419 1817 455 10

442 482 565 530 iurgia
593 487 684 521 sunt
714 484 826 527 circi,
859 484 1013 522 cuneati
1042 483 1133 522 hinc
1162 488 1266 522 tanta
1297 484 1438 530 theatri

442 552 597 598 seditio,
630 559 668 592 et
697 554 791 592 tales
821 557 937 605 agitat
967 567 1120 605 quoque
1150 556 1254 594 curia
1286 555 1401 606 lites.-

441 626 616 674 coniugia
647 630 684 663 et
713 627 791 664 nati
821 639 909 665 cum
939 627 1113 678 patribus
1143 628 1213 666 ista
1244 628 1386 676 quietis

442 696 557 735 verba
587 703 722 736 serunt
750 697 883 736 studiis
913 698 1012 738 salva
1044 700 1186 750 pietate
1215 698 1428 750 loquentes.

440 767 530 806 hinc
562 769 675 808 etiam
705 769 865 820 placidis
894 770 1024 809 schola
1056 783 1223 810 consona
1253 770 1468 822 disciplinis
1692 819 1693 827 ἵ
1770 775 1817 810 15

441 839 676 889 dogmaticas
706 842 823 891 agitat
852 842 957 880 lento
988 843 1199 881 certamine
1229 843 1327 882 liteS.

440 911 531 950 hinc
562 913 686 951 omnis
716 918 838 969 certat
867 913 1067 952 dialectica
1097 914 1210 953 turba
1241 914 1462 965 sophorum.

439 982 525 1022 ‘lux
556 988 630 1023 est:
664 990 772 1024 estne
802 985 885 1024 dies
915 986 1030 1036 ergo?
1062 998 1138 1024 non
1170 988 1349 1033 convenit
1377 988 1496 1026 istuc:

439 1069 526 1095 nam
556 1056 705 1095 facibus
735 1057 866 1096 multis
896 1062 962 1096 aut
992 1057 1208 1108 fulguribus
1239 1060 1418 1108 quotiens
1442 1059 1511 1109 ⁸lux

439 1133 497 1166 est
527 1133 716 1167 nocturna
746 1129 911 1174 homini,
944 1142 1021 1168 non
1053 1134 1110 1168 est
1138 1130 1204 1168 lux
1232 1131 1304 1169 ista
1336 1130 1442 1169 diei?
1766 1134 1819 1171 20

438 1206 495 1239 est
526 1206 564 1239 et
592 1213 669 1239 non
699 1202 836 1251 igitur,
869 1203 1046 1253 quotiens
1076 1202 1201 1241 lucem
1235 1196 1318 1241 esse
1348 1202 1546 1241 fatendum
1579 1208 1647 1247 est,

437 1272 504 1311 sed
535 1285 612 1311 non
644 1285 730 1312 esse
760 1273 873 1312 diem.
935 1273 1039 1312 mille
1069 1274 1159 1312 hinc
1189 1276 1399 1313 certamina
1428 1280 1601 1324 surgunt,

439 1344 528 1383 hinc
559 1346 664 1383 rauci
695 1344 824 1390 multi,
858 1347 924 1395 qui
955 1345 1042 1384 talia
1073 1345 1390 1385 commeditantes

329 1507 371 1543 Et
400 1513 433 1554 ψ
508 1508 615 1544 facilis
645 1509 758 1545 LSXI
795 1509 913 1546 faciles
959 1509 992 1555 (e
1022 1522 1068 1545 m.
1092 1514 1169 1546 ant.
1191 1521 1291 1546 corr.
1315 1512 1352 1545 in
1381 1507 1405 1555 i)
1435 1509 1470 1543 B
1513 1509 1631 1545 faciles
1654 1488 1835 1547 ΗΥΥεοιΑἵ

411 1562 563 1599 difficilis
583 1564 669 1600 LXI
699 1563 834 1600 dificilis
857 1565 886 1601 S
912 1563 1072 1601 difficiles
1103 1564 1136 1611 (e
1165 1577 1212 1601 m.
1245 1570 1321 1600 ant.
1349 1576 1450 1600 corr.
1473 1567 1510 1600 in
1541 1563 1564 1610 i)
1599 1565 1629 1599 B
1658 1564 1818 1600 difficiles

328 1619 365 1654 H
380 1619 409 1654 V
416 1618 493 1656 Υεα
578 1621 763 1655 contencio
789 1620 823 1654 Υ
846 1621 1062 1667 comptentio
1082 1623 1094 1656 ἰ
1114 1633 1158 1656 m.
1181 1621 1200 1655 1
1223 1620 1421 1655 contentia
1510 1625 1610 1655 nacta
1626 1620 1660 1654 B
1676 1620 1818 1657 VXFle

329 1680 429 1721 nacta
445 1675 483 1710 H
505 1679 586 1709 nata
606 1674 691 1710 LSoc
767 1675 791 1711 8
813 1675 870 1711 Sic
885 1675 914 1710 L
984 1675 1079 1710 nulla
1101 1686 1196 1710 mora
1207 1677 1228 1750 ll
1250 1686 1358 1715 mora,
1381 1686 1449 1711 om.
1470 1674 1576 1714 nulla,
1605 1676 1634 1712 V
1689 1681 1742 1710 est
1762 1686 1818 1710 se-

1219 1726 1224 1736 '
1239 1725 1280 1750 sia

328 1764 397 1798 mci
419 1763 447 1798 S
552 1763 574 1798 9
607 1762 641 1798 Si
662 1763 704 1798 H
715 1764 760 1799 Vl
790 1760 829 1798 ln
849 1763 910 1799 LS
1000 1768 1125 1799 contro
1157 1774 1296 1798 uersum
1330 1766 1544 1809 (suprascr.
1576 1776 1622 1799 m.
1655 1764 1752 1804 rec.)
1790 1763 1818 1798 Β

328 1823 451 1853 contra
471 1828 613 1852 uersum
637 1818 671 1853 Υ
686 1819 931 1867 controuersi3
958 1819 1001 1855 Vl
1020 1818 1272 1854 contrauersim
1295 1828 1313 1855 ε
1399 1817 1568 1854 dissentio
1593 1819 1623 1855 V
1639 1818 1816 1853 desscntio

328 1873 361 1919 (e
388 1885 451 1919 pr.
471 1885 517 1908 m.
541 1877 619 1909 ant.
641 1884 742 1909 corr.
766 1876 803 1909 in
824 1872 849 1919 i)
873 1874 906 1909 B
926 1874 969 1909 de
989 1884 1094 1909 senso
1113 1873 1141 1909 S
1166 1873 1332 1908 dissessio
1354 1874 1384 1909 L
1411 1873 1582 1909 discussio
1612 1876 1626 1910 l
1710 1872 1817 1908 subii-

326 1962 395 1996 ciet
425 1962 473 1997 ΒΖ
503 1942 638 1997 subie¹et
668 1962 710 1997 H
735 1961 868 1997 subicio
910 1963 940 1997 V
1067 1962 1118 1998 10
1148 1962 1225 1997 foro
1258 1962 1286 1998 S
1383 1947 1527 1998 disuldn
1556 1962 1598 1998 H
1624 1961 1813 1997 distultant

335 2016 370 2052 Υ
456 2017 513 2052 hic
551 2016 583 2052 V
694 2017 742 2052 11
777 2022 870 2052 tanta
899 2019 1046 2063 scripsi.
1079 2017 1168 2053 laeta
1198 2029 1227 2052 ω
1339 2017 1465 2052 teathri
1496 2018 1532 2053 B
1561 2017 1700 2053 theatro
1732 2018 1812 2052 cod.

327 2072 500 2119 Reyinae
586 2071 636 2107 12
658 2072 796 2108 Sedicio
822 2072 1029 2120 YSeqldicio
1050 2071 1094 2107 H
1180 2073 1291 2119 agitet
1311 2072 1354 2106 H
1437 2073 1596 2109 13-16
1619 2084 1686 2108 om.
1707 2071 1745 2106 H
1781 2064 1795 2071 ⁶

332 2127 381 2163 13
398 2139 466 2163 om.
487 2130 499 2163 l
585 2132 637 2162 sta
654 2128 684 2162 L
771 2127 821 2163 14
834 2127 982 2163 Verbera
1002 2129 1016 2163 l
1093 2127 1208 2163 studia
1225 2129 1237 2163 l
1324 2126 1374 2162 15
1395 2126 1539 2173 placidis
1556 2127 1653 2163 BLS
1665 2127 1818 2163 ΥΧΥεα

326 2183 464 2230 placitis
492 2185 516 2227 l,
548 2183 678 2218 Petav.
711 2184 843 2230 Reyin.
877 2185 939 2218 (cll.
1045 2182 1140 2218 scola
1171 2183 1235 2218 BS
1247 2182 1276 2218 V
1283 2181 1356 2218 Yloc
1393 2183 1468 2218 cola
1499 2183 1527 2218 S
1639 2181 1688 2217 16
1719 2181 1816 2216 lento

327 2241 476 2284 scripsi.
499 2238 592 2273 laeto
610 2239 804 2275 Gellianus
823 2239 952 2285 placito
972 2238 1046 2274 ΒΧ
1052 2238 1087 2273 Υ
1101 2237 1236 2284 placido
1252 2238 1313 2274 LS
1323 2237 1354 2272 V
1355 2240 1417 2274 Ιεα
1504 2237 1552 2274 17
1575 2234 1644 2272 oms
1665 2237 1707 2272 H
1725 2234 1825 2271 omni

340 2294 370 2329 V
450 2298 586 2328 certant
615 2294 657 2329 H
751 2294 942 2341 dyalectica
961 2294 1004 2329 H
1029 2293 1188 2329 (lialetica
1215 2293 1250 2328 Υ
1274 2293 1445 2340 dyalctica
1472 2294 1485 2329 l
1584 2291 1668 2327 tuba
1709 2292 1738 2327 V

332 2349 379 2385 18
410 2348 469 2384 lux
508 2354 578 2384 est:
617 2354 717 2384 estne
754 2348 828 2385 dies
859 2349 969 2396 ergo?
1008 2351 1157 2394 scripsi.
1196 2347 1257 2384 Est
1286 2348 1363 2383 lux:
1401 2354 1500 2384 estne
1540 2347 1613 2383 dics
1651 2347 1763 2394 ergo?
1793 2359 1817 2380 α

329 2403 389 2439 Est
418 2404 478 2439 lux
508 2409 608 2439 estne
637 2403 730 2439 dies:
762 2415 848 2451 ergo
880 2413 900 2440 ε
929 2403 1037 2439 Estne
1067 2403 1141 2439 dies
1171 2409 1226 2439 est
1255 2414 1340 2450 ergo
1372 2403 1446 2439 dies
1476 2409 1509 2447 ψ
1594 2413 1665 2437 non
1687 2413 1756 2437 om.
1787 2401 1821 2436 Υ

410 2458 458 2494 nii
483 2472 528 2494 m.
551 2469 629 2495 rec.
652 2470 850 2506 suprascr.
875 2459 909 2493 B
930 2470 1007 2494 nam
1029 2469 1048 2496 ε
1132 2458 1227 2494 istud
1247 2459 1259 2494 l
1287 2458 1374 2494 illud
1396 2459 1437 2494 H
1453 2457 1538 2507 istic
1558 2458 1594 2493 B
1613 2457 1691 2492 istic
1713 2456 1781 2492 SX
1787 2456 1820 2491 Υ

329 2515 395 2550 stic
423 2515 453 2549 L
541 2514 589 2550 19
621 2519 655 2550 at
683 2517 696 2550 l
789 2513 989 2562 fulgoribus
1021 2513 1222 2550 BHSXYI
1250 2513 1448 2560 fulgeribus
1470 2514 1501 2550 L
1592 2513 1759 2559 quociens
1780 2512 1822 2547 H

330 2593 468 2638 quoties
491 2592 519 2627 S
603 2591 656 2628 20
685 2597 736 2626 sta
759 2592 788 2627 L
864 2590 913 2626 21
937 2596 971 2626 et
993 2603 1060 2627 om.
1091 2593 1116 2626 l·
1179 2591 1253 2638 igni
1274 2591 1318 2625 H
1333 2588 1369 2638 gi
1388 2592 1402 2626 l
1486 2590 1653 2637 quociens
1674 2589 1716 2624 H
1743 2570 1816 2634 qvoti

328 2658 390 2681 ens
410 2647 440 2682 L
461 2647 601 2694 quoties
624 2647 660 2692 S,
684 2659 752 2682 om.
781 2649 795 2683 l
876 2652 930 2682 est
951 2658 1019 2682 om.
1043 2645 1124 2681 BY
1202 2646 1252 2681 22
1275 2630 1371 2682 84L
1453 2645 1535 2680 mile
1555 2645 1598 2680 H
1678 2642 1729 2678 23
1761 2643 1817 2678 hic

327 2702 388 2738 LS
471 2702 568 2737 rauci
597 2704 745 2748 scripsi.
776 2702 877 2749 pauci
898 2701 996 2737 BLS
1008 2701 1076 2738 VV
1077 2711 1096 2738 ε
1125 2702 1225 2748 pauci
1245 2706 1280 2736 et
1299 2701 1379 2737 Hloc
1464 2700 1523 2747 qui
1544 2700 1694 2745 scripsi.
1729 2709 1816 2745 quo-

331 2771 444 2841 ‹111ng
472 2801 613 2841 quoque
634 2795 667 2837 ψ
769 2789 1022 2827 comeditantes
1049 2789 1080 2826 V
1105 2793 1423 2827 commemorantur
1453 2787 1584 2837 Reyin.
1617 2790 1714 2825 come
1745 2786 1774 2822 S
