1884 3126
358 147 413 186 20
940 165 1267 191 PROLEGOMENON

361 280 446 306 esse
477 273 514 306 et
543 270 580 308 in
615 269 783 309 tabernis
804 270 1100 322 bibliopolarum
1129 274 1354 324 prostitisse.
1407 272 1528 311 altero
1550 274 1729 312 Martialis
1762 274 1845 314 loco

361 334 455 384 (vm
483 333 550 380 56,
581 334 646 387 20)

558 427 721 474 protinus
750 428 882 463 Italiam
915 430 1076 476 concepit
1107 434 1142 464 et
1172 440 1265 464 arma
1297 430 1490 476 virumque,

625 483 685 529 qui
715 483 820 518 modo
851 483 905 518 vix
935 483 1082 520 culicem
1113 484 1257 519 fleverat
1285 496 1347 520 ore
1378 485 1455 520 rudi

357 579 570 617 accuratius
600 578 693 616 nihil
725 579 949 618 edocemur:
981 580 1047 619 ubi
1076 581 1262 619 acuminis
1293 566 1407 619 causa
1437 580 1596 619 culicem
1620 586 1694 620 tam
1717 583 1843 621 subito

357 645 527 683 insecuta
559 646 679 683 fuisse
700 646 839 684 Aeneis
870 646 1021 684 dieitur.
1082 647 1247 696 denique
1278 653 1453 686 nostrum
1484 660 1620 698 poema
1651 654 1841 698 tamquam

357 710 613 759 Vergilianum
646 710 773 749 laudat
802 712 948 750 Nonius
979 725 1015 762 p.
1049 711 1140 756 211,
1172 711 1226 751 26
1256 726 1287 751 ν.
1322 713 1510 757 labrusca,
1542 714 1606 752 ubi
1638 727 1668 752 v.
1691 713 1745 753 53
1776 715 1841 752 ad-

357 777 497 814 l'ertur:
537 777 672 826 quodsi
710 777 966 815 demonstrari
1005 783 1135 828 posset
1172 778 1272 816 hunc
1310 791 1465 829 quoque
1496 779 1647 817 titulum
1682 787 1720 818 ut
1751 780 1844 818 alios

356 842 527 879 eiusdem
558 844 711 891 generis
740 843 879 881 multos
911 843 970 894 (cs.
994 845 1041 882 M.
1065 845 1208 882 Hertzii
1239 844 1285 882 de
1315 846 1356 883 Α.
1380 845 1501 883 Gellio
1533 850 1569 883 et
1598 846 1722 883 Nonio
1744 847 1841 884 Mar-

356 907 452 945 cello
474 907 753 947 dissertationis
772 910 810 947 in
834 908 1036 947 annalibus
1056 909 1296 948 Fleckeiseni
1319 922 1350 948 a.
1377 909 1483 949 1862
1503 913 1672 950 insertae
1694 924 1729 962 p.
1750 910 1842 962 786)

356 986 400 1010 ex
431 973 572 1012 Valerii
603 973 717 1012 Probi
757 976 1042 1013 commentariis
1074 982 1269 1025 sumptum
1302 989 1404 1020 esse,
1444 977 1674 1016 haberemus
1705 978 1841 1016 Sueto-

356 1040 494 1077 nianae
525 1041 735 1078 memoriae
766 1045 962 1079 auctorem
994 1042 1275 1090 gravissimum.

465 1127 691 1165 El'liciuntur
729 1127 803 1166 illis
842 1128 1020 1167 omnibus
1058 1133 1162 1167 certa
1202 1129 1315 1175 haec,
1354 1130 1468 1168 tertio
1498 1143 1534 1180 p.
1569 1130 1656 1169 Chr.
1689 1130 1840 1170 saeculo

354 1198 527 1239 nostrum
559 1193 721 1232 culicem
752 1206 822 1245 pro
853 1194 1071 1244 Vergiliano
1102 1195 1274 1234 habitum
1306 1208 1409 1239 esse;
1450 1197 1674 1236 Suetonium
1706 1197 1744 1235 iu
1777 1209 1839 1235 ex-

356 1259 516 1310 emplari
547 1272 616 1298 suo
648 1273 732 1298 cum
766 1267 1036 1310 argumentum
1068 1262 1288 1300 universum
1319 1263 1506 1312 poematis
1538 1268 1616 1301 tum
1639 1263 1734 1302 duos
1755 1262 1840 1301 ulti-

357 1338 439 1363 mos
469 1337 602 1364 versus
623 1326 776 1365 eosdem
798 1329 1030 1378 repperisse,
1063 1340 1158 1378 quos
1177 1329 1216 1366 in
1239 1329 1379 1366 nostris
1400 1328 1513 1366 hodie
1535 1328 1718 1378 legimus:
1751 1340 1839 1367 ven-

354 1392 470 1430 ditata
501 1392 618 1430 suisse
648 1405 782 1431 versus
811 1394 925 1444 primi
955 1405 992 1444 p.
1016 1394 1104 1433 Chr.
1137 1394 1276 1432 saeculi
1309 1395 1421 1432 finem
1453 1393 1585 1433 culicis
1607 1395 1839 1446 exemplaria

353 1470 372 1496 a
404 1458 545 1496 ceteris
566 1458 731 1497 Maronis
761 1459 942 1510 operibus
973 1466 1160 1511 separata,
1193 1472 1307 1510 quem
1328 1472 1399 1510 pro
1420 1460 1640 1510 Vergiliano
1661 1465 1838 1511 poemate

355 1524 573 1562 habuerunt
607 1525 792 1563 Martialis
830 1531 866 1564 et
897 1526 1060 1570 Statius;
1099 1530 1231 1564 notum
1269 1526 1385 1564 ruisse
1415 1526 1568 1564 Lucano
1606 1526 1840 1565 adulescenti

355 1589 410 1627 vel
442 1589 731 1628 adulescentulo
762 1590 886 1629 lusum
916 1592 1097 1636 Maronis,
1122 1604 1196 1630 non
1219 1596 1346 1630 autem
1368 1604 1386 1630 a
1408 1604 1543 1642 puero,
1566 1592 1632 1630 sed
1663 1604 1683 1630 a
1703 1593 1840 1630 iuvene

354 1656 470 1694 XXVI
492 1656 573 1694 fere
603 1668 791 1695 annorum
822 1662 947 1696 ortum
979 1659 1174 1708 accepisse
1196 1657 1356 1696 Statium
1380 1662 1418 1695 et
1447 1647 1607 1696 sortasse
1628 1657 1835 1697 Lucanum.

467 1721 568 1771 Ergo
600 1723 816 1761 testimonia
847 1725 1021 1774 quamvis
1051 1723 1138 1762 talia
1169 1735 1244 1761 non
1275 1725 1362 1767 sint,
1385 1728 1426 1761 ut
1456 1723 1656 1762 dubitandi
1686 1724 1733 1762 de
1763 1725 1839 1762 ori-

354 1788 441 1836 gine
463 1789 651 1837 poematis
674 1790 797 1827 nostri
819 1789 895 1827 vias
917 1802 1051 1828 omnes
1071 1788 1334 1840 praecludent,
1359 1784 1487 1827 tamen
1509 1790 1582 1828 nisi
1604 1790 1839 1838 gravissimis

352 1855 590 1903 argumentis
621 1855 834 1899 evincatur,
874 1867 948 1893 non
988 1868 1102 1906 posse
1141 1855 1348 1905 Vergilium
1390 1855 1471 1893 eius
1510 1860 1702 1894 auctorem
1742 1868 1836 1903 esse,

353 1920 561 1957 memoriae
599 1921 779 1970 antiquae
816 1921 966 1959 facilius
1003 1934 1118 1972 quam
1156 1922 1414 1960 recentiorum
1455 1922 1687 1960 coniecturis
1725 1921 1836 1959 fidem

352 1984 592 2024 habebimus.
652 1998 739 2024 nam
774 1986 957 2025 Octavius
993 1999 1089 2038 puer
1119 1987 1378 2036 venerandus,
1419 1989 1480 2025 cui
1509 1986 1614 2026 lusus
1646 1994 1703 2026 est
1732 1987 1837 2025 dedi-

352 2056 476 2096 catus,
509 2053 593 2103 quis
625 2052 739 2091 l'uisse
772 2053 942 2092 videatur
971 2066 1085 2103 supra
1116 2054 1429 2103 significavimus,
1463 2065 1532 2091 nec
1562 2053 1768 2104 quidquam
1799 2054 1837 2092 in

354 2122 431 2155 toto
460 2119 662 2168 prooemio
692 2119 805 2163 inest,
839 2119 940 2168 quod
973 2119 1102 2163 alium,
1134 2119 1238 2158 velut
1258 2120 1459 2158 Caesarem
1482 2119 1749 2164 Octavianum,
1780 2121 1837 2158 in-

352 2183 480 2233 tellegi
510 2184 678 2223 suadeat.
735 2186 799 2235 qui
829 2197 917 2224 cum
948 2185 1093 2224 Octavii
1123 2198 1264 2224 nomen
1295 2185 1518 2236 deposuerit
1547 2198 1680 2223 mense
1709 2186 1836 2224 medio

350 2250 469 2300 Aprili
507 2263 540 2289 a.
572 2249 670 2296 710,
717 2262 946 2301 quamquam
990 2253 1028 2289 in
1069 2251 1243 2302 epistulis
1280 2251 1415 2290 Cicero
1453 2252 1594 2289 retinet
1631 2262 1752 2300 usque
1790 2252 1836 2290 ad

352 2315 619 2361 Novembrem,
653 2316 743 2355 falsa
775 2322 904 2356 essent
934 2318 1061 2356 omnia
1092 2330 1188 2368 quae
1218 2317 1318 2368 apud
1350 2317 1575 2356 Suetonium
1607 2322 1836 2366 ceterosque

352 2381 399 2419 de
437 2383 527 2420 inita
566 2382 683 2421 multo
722 2388 809 2433 post
845 2396 915 2434 per
945 2384 1116 2422 Asinium
1148 2383 1380 2427 Pollionem,
1422 2382 1641 2421 Cornelium
1673 2381 1834 2426 Gallum,

350 2447 609 2487 Maecenatem
648 2447 902 2487 familiaritate
941 2450 1042 2488 inter
1073 2454 1224 2500 poetam
1256 2454 1428 2488 nostrum
1461 2453 1499 2487 et
1528 2449 1730 2487 Caesarem
1759 2454 1835 2487 tra-

350 2514 506 2556 duntur,
541 2515 572 2553 si
602 2527 725 2565 puero
758 2516 884 2560 etiam,
918 2527 1030 2564 quem
1061 2517 1099 2553 in
1131 2516 1326 2569 communi
1355 2514 1480 2565 Epidii
1509 2514 1675 2553 rhetoris
1705 2514 1834 2553 schola

351 2580 507 2624 viderat,
540 2582 613 2619 iam
645 2586 734 2619 ante
765 2594 906 2620 annum
938 2580 1015 2620 711
1048 2594 1201 2620 carmen
1235 2586 1309 2619 tan]
1341 2580 1480 2619 malum
1511 2580 1737 2630 praesertim
1769 2580 1834 2618 de-

350 2646 478 2684 dicare
521 2659 637 2684 ausus
676 2652 787 2686 esset.
849 2647 947 2696 qnod
991 2647 1044 2685 illi
1083 2648 1243 2686 sortasse
1288 2648 1402 2686 etiam
1439 2647 1540 2684 inter
1575 2651 1723 2684 veteres
1762 2645 1834 2684 sibi

349 2718 646 2762 persuaserunt,
701 2714 765 2763 qui
803 2725 903 2751 anno
934 2711 1014 2752 710
1050 2714 1190 2752 sactum
1230 2724 1311 2751 esse
1349 2716 1564 2750 statuerunt
1599 2716 1640 2749 ut
1669 2711 1832 2750 Statius:

348 2778 448 2829 quod
480 2779 509 2817 si
541 2782 751 2822 constaret,
785 2791 991 2830 numquam
1024 2779 1223 2818 crederem
1255 2778 1457 2817 molestum
1490 2783 1527 2816 et
1557 2778 1667 2828 inops
1695 2790 1832 2830 poema
