1884 3126
810 131 943 159 CAPUT
974 133 1036 158 111.
1658 117 1714 159 55

182 244 406 295 perveniat!
448 245 568 283 immo
605 249 649 284 ut
685 243 893 295 Neptunus
931 256 962 282 v.
996 241 1051 283 50
1080 256 1137 295 sq.
1179 244 1386 282 invocatur
1428 249 1468 282 ut
1497 247 1643 293 miqret
1671 246 1709 284 in

183 324 271 351 arva
310 311 517 357 fiuctibus,
558 313 610 351 ita
643 313 674 351 si
715 312 778 351 hic
810 312 938 351 minus
969 311 1175 351 auditurus
1207 316 1328 355 esset,
1368 310 1531 350 flumina
1563 314 1712 351 moveri

180 385 381 432 poterant,
421 385 463 419 ut
495 379 619 419 undas
648 392 767 432 super
798 392 913 431 agros
946 380 1183 419 emitterent.
1245 384 1429 430 poterant
1459 381 1578 430 igitur
1611 392 1704 419 con-

181 449 291 499 iungi
321 459 355 486 v.
387 445 554 487 63-65
585 459 674 487 cum
706 445 771 487 78.

296 513 448 560 Quibus
487 515 730 567 respondent
767 527 866 566 quae
903 517 1034 555 statim
1074 515 1338 556 subsecuntur
1379 529 1410 554 ν.
1443 514 1495 555 67
1541 516 1711 556 tflectite

183 585 380 624 currentis
411 583 602 635 lymphas,
637 595 728 634 vaga
751 582 922 629 flumina,
957 586 1089 622 retro'
1124 597 1155 623 e.
1182 597 1217 635 q.
1241 597 1270 623 s.
1302 583 1558 623 intercedunt
1578 590 1709 623 tamen

184 664 283 704 quae
323 663 396 691 nec
434 649 607 702 intellegi
649 651 800 702 possint
839 664 910 690 nec
951 656 1057 690 recte
1097 651 1302 691 emendata
1341 651 1469 691 adhuc
1507 651 1712 691 videantur

184 733 215 757 v.
250 717 303 759 66

385 790 432 825 nil
465 795 519 826 est
551 790 647 837 quod
681 789 827 837 perdam
859 789 1013 826 ulterius
1046 791 1171 827 merita
1201 781 1321 827 omnia
1354 791 1468 827 dictis.

182 891 220 928 in
261 888 420 940 quibus,
472 895 514 927 ut
553 890 702 927 mittam
743 887 944 940 paulisper
987 890 1103 929 verba
1147 896 1334 935 extrema,
1368 891 1561 929 sententia
1605 896 1712 930 certe

181 957 321 1017 liorum
362 956 437 996 ‘nil
477 961 542 1012 estv
574 956 677 1007 quod
717 956 880 1008 perdam
922 956 1110 996 ulterius'
1150 959 1358 1009 perspicua
1399 963 1467 997 est.
1532 958 1600 997 sed
1637 958 1712 997 hoc

182 1038 258 1077 quo
301 1023 419 1064 modo
461 1023 668 1063 adfirmare
708 1029 864 1075 poterat
906 1026 971 1075 qui
1012 1026 1049 1064 in
1090 1038 1136 1064 eo
1176 1027 1262 1077 ipso
1295 1031 1400 1071 erat,
1442 1032 1486 1065 ut
1516 1027 1712 1066 advocatis

182 1094 357 1135 sontium,
395 1092 598 1131 fluminum
645 1091 832 1143 paludum
881 1098 1108 1144 stagnorum
1150 1092 1332 1132 fluctibus
1366 1093 1556 1145 perderet
1594 1105 1710 1144 agros

182 1161 295 1200 suos?
326 1159 386 1199 his
417 1160 594 1211 profecto
627 1159 900 1198 concludenda
934 1165 1044 1199 erant
1074 1162 1193 1212 impia
1217 1166 1315 1200 vota.
1371 1161 1474 1212 quod
1497 1161 1564 1200 ubi
1586 1161 1709 1201 semel

180 1229 471 1280 perspeximus,
518 1226 703 1266 facillima
752 1226 949 1266 clausulae
986 1227 1207 1267 emendatio
1248 1234 1325 1268 est:
1376 1232 1539 1269 ‘merito
1577 1232 1710 1269 omnia

184 1297 312 1336 Ditis!
375 1295 436 1347 (cs.
472 1308 502 1333 v.
535 1292 619 1346 41.)
659 1307 747 1334 nam
789 1295 943 1344 ineptas
975 1301 1012 1334 et
1043 1301 1244 1336 contortas
1287 1296 1452 1336 aliorum
1495 1296 1552 1336 vel
1586 1296 1707 1348 expli-

179 1363 293 1403 candi
322 1362 382 1402 vel
415 1362 640 1413 corrigendi
670 1362 873 1402 machinas
907 1364 1036 1402 sciens
1066 1366 1356 1414 praetermitto.

291 1432 395 1482 Ergo
427 1430 617 1470 ordinatis
650 1430 826 1469 versibus
857 1431 931 1469 sic:
964 1428 1029 1470 65.
1064 1429 1130 1470 79.
1162 1429 1341 1471 67—71.
1367 1430 1422 1471 80
1443 1445 1500 1484 sq.
1526 1430 1704 1472 72—78.

178 1497 231 1540 66
262 1500 359 1539 haec
397 1499 446 1538 de
483 1500 594 1550 aquis
624 1503 804 1538 votorum
843 1511 937 1550 pars
969 1497 1147 1538 absoluta
1178 1505 1246 1538 est.
1309 1501 1485 1552 sequitur
1516 1505 1706 1545 extrema,

180 1567 247 1608 ubi
277 1568 396 1606 finitis
428 1567 524 1606 votis
556 1566 639 1605 vale
670 1566 767 1606 dicit
797 1565 958 1605 ruribus
990 1566 1188 1606 dominus.
1231 1567 1343 1606 finxit
1373 1573 1504 1607 autem
1527 1567 1626 1608 haec
1648 1569 1707 1608 ul-

179 1637 274 1675 tima
305 1647 347 1674 se
378 1638 610 1674 cunctanter
642 1633 854 1674 abeuntem
878 1638 1051 1673 cantare.
1105 1633 1242 1673 relicta
1263 1647 1378 1681 rura,
1413 1648 1512 1687 quae
1534 1648 1554 1674 a
1577 1635 1708 1675 fronte

177 1705 214 1743 in
246 1703 365 1742 maris
395 1701 510 1742 litore
541 1702 628 1747 sita,
661 1714 681 1741 3
714 1707 825 1752 tergo
856 1701 1058 1741 montibus
1089 1703 1215 1741 cincta
1247 1708 1350 1748 sunt,
1389 1708 1610 1743 extremum
1642 1716 1705 1743 re-

177 1766 294 1823 spicit
323 1770 371 1810 de
404 1769 553 1810 tumulo
593 1769 639 1821 (V.
673 1766 763 1820 86),
804 1767 910 1808 unde
947 1769 988 1808 in
1019 1768 1134 1808 silvas
1172 1782 1214 1809 se
1244 1770 1452 1810 insinuans
1482 1783 1554 1823 per
1586 1770 1706 1810 colles

178 1843 410 1890 montesque
448 1843 652 1890 aspectum
692 1836 800 1876 vallis
839 1848 929 1875 mox
960 1837 1102 1876 amittit
1133 1834 1198 1888 (87
1231 1837 1318 1890 sq.).
1379 1839 1458 1877 iam
1490 1850 1510 1877 a
1542 1840 1707 1878 summis

177 1906 376 1946 montibus
406 1907 446 1945 in
477 1905 682 1957 planitiem
719 1903 906 1957 paulatim
946 1903 1190 1944 descendens
1223 1903 1302 1958 (91)
1334 1907 1512 1946 intuetur
1544 1920 1705 1960 campos

176 1977 216 2013 in
246 1973 408 2025 longum
446 1977 671 2025 porrectos,
713 1971 781 2011 ubi
812 1983 930 2011 novas
961 1971 1076 2012 sedes
1112 1974 1364 2024 quaesiturus
1395 1979 1466 2014 est.
1527 1987 1617 2014 nam
1649 1977 1706 2015 sic

178 2040 409 2094 explicanda
439 2041 567 2079 sentio
598 2051 699 2091 quae
721 2040 808 2091 quis
828 2039 1070 2079 intellexerit
1099 2041 1365 2093 interpretum
1386 2042 1535 2082 frustra
1556 2055 1703 2094 quaero

178 2110 299 2160 (certe
329 2109 378 2148 M.
412 2107 653 2147 Schmidtius
685 2108 752 2157 qui
783 2119 815 2145 v.
840 2105 894 2147 93
915 2119 972 2159 sq.
1007 2108 1186 2148 ordinem
1218 2109 1360 2149 inverti
1390 2111 1429 2149 in
1460 2110 1596 2161 philol.
1620 2111 1704 2150 VIII

178 2175 255 2217 191
287 2177 400 2216 iussit
430 2188 509 2215 non
539 2174 759 2226 intellexit),
792 2187 824 2215 v,
860 2172 914 2215 93

616 2279 659 2304 en
691 2269 805 2316 prima
838 2269 1032 2304 novissima
1062 2269 1167 2306 nohis

436 2326 582 2362 intueor
614 2335 772 2371 campos
800 2323 968 2371 longum:
1002 2332 1123 2362 manet
1153 2326 1251 2362 ensis
1282 2327 1319 2362 in
1349 2326 1433 2362 illis.

177 2425 338 2465 campos
379 2413 483 2452 enim
520 2424 598 2450 non
638 2424 729 2450 suos
760 2411 872 2456 dicit,
916 2423 1013 2462 quos
1044 2413 1161 2452 modo
1191 2412 1355 2454 relictos
1375 2419 1607 2455 ‘extremum
1639 2429 1700 2455 re-

175 2486 362 2534 spexerat
392 2493 424 2518 V.
457 2477 531 2525 86,
572 2479 640 2519 sed
674 2478 876 2519 montibus
907 2480 1189 2540 separatos-ab
1219 2481 1315 2527 illis,
1355 2494 1452 2534 quos
1482 2488 1525 2522 ut
1553 2484 1725 2534 signifi--

176 2550 277 2588 cavit
306 2549 480 2600 primum
502 2559 536 2587 v.
558 2544 624 2593 88,
656 2559 762 2587 nunc
793 2546 953 2587 demum
982 2547 1120 2600 procul
1143 2550 1348 2601 conspicit,
1380 2551 1420 2588 in
1441 2555 1548 2590 vasta
1569 2549 1699 2591 a'utem

130 2628 134 2637 ²
174 2616 338 2669 planitie
377 2616 466 2666 quia
506 2615 637 2654 omnia
675 2627 754 2654 uno
793 2614 933 2655 obtutu
962 2617 1186 2668 propinqua
1216 2629 1334 2669 quam
1363 2617 1578 2671 longinqua
1608 2631 1698 2671 per-

176 2685 386 2736 cipiuntur,
419 2694 500 2722 non
532 2683 617 2721 sine
649 2681 863 2722 acerbitate
895 2683 1060 2734 quadam
1093 2689 1132 2724 et
1161 2686 1288 2736 prima
1311 2690 1350 2724 et
1369 2687 1579 2726 novissima
1600 2699 1700 2738 quae

175 2750 250 2791 sibi
288 2752 366 2790 iam
403 2749 613 2790 habitanda
652 2751 731 2789 sint
767 2762 810 2789 se
838 2751 985 2790 intueri
1022 2751 1133 2798 dicit;
1173 2753 1214 2791 in
1243 2752 1322 2793 illis
1353 2765 1445 2793 vero
1478 2766 1578 2806 quae
1607 2754 1697 2794 reli-

177 2820 307 2871 querit
335 2820 411 2858 vim
444 2822 483 2858 et
514 2830 649 2858 ensem
680 2829 861 2870 regnare.
