1884 3126
762 135 886 164 onus.
1504 121 1582 162 127

173 264 262 292 cum
294 257 407 303 pater
439 250 632 290 extinctus
662 259 778 288 caeca
807 247 881 287 sub
911 251 1027 286 nocte
1057 245 1208 292 lateret,

171 325 229 364 illi
259 337 332 377 pro
362 325 508 376 pietate
538 335 605 362 sua
639 321 742 375 (nam
772 332 890 373 saepe
920 321 1114 360 nitentum

170 399 360 450 sanguine
391 403 592 437 taurorum
625 394 790 448 supplex
822 399 1063 447 resperserat
1095 405 1195 438 aras,

172 484 289 524 saepe
320 471 437 511 deum
468 469 577 522 largo
609 470 815 509 decorarat
844 479 1008 507 munere
1038 466 1162 518 sedes)

171 545 343 585 reddidit
373 549 545 597 optatam
576 547 726 582 mutato
757 553 925 594 corpore
955 541 1073 580 vitam

171 619 341 670 fecitque
371 619 412 657 in
443 617 562 657 terris
592 615 818 656 1131130οῑ03
837 613 918 654 ales
947 619 991 654 ut
1022 618 1144 654 esset:

171 693 314 745 quippe
345 690 486 744 aquilis
516 701 673 742 semper
702 688 847 739 gaudet
877 687 975 728 deus
1005 687 1071 726 ille
1102 687 1289 726 coruscis.

171 766 262 805 huic
291 778 384 805 vero
415 765 603 813 miserae,
635 764 818 814 quoniam
851 761 1033 802 damnata
1064 760 1227 800 deorum
1499 763 1582 801 530

170 838 314 879 iudicio
345 839 574 890 patriaeque
605 842 644 876 et
674 837 852 887 coniugis
884 840 972 875 ante
1003 836 1153 880 fuisset,

170 913 301 952 infesti
330 913 512 964 apposuit
541 910 674 950 odium
707 909 866 949 crudele
897 909 1082 960 parentis.

171 998 338 1038 namque
367 991 410 1024 ut
439 987 479 1024 in
511 984 687 1024 aetherio
717 984 921 1035 signorum
956 995 1120 1022 munere
1152 987 1367 1034 praestans

171 1072 293 1099 unum
325 1071 440 1111 quem
473 1058 619 1110 duplici
650 1056 845 1097 stellatum
878 1056 1007 1096 sidere
1040 1056 1126 1104 vidi,

172 1133 349 1184 scorpios
379 1132 540 1172 alternis
570 1131 718 1171 clarum
750 1130 858 1182 fugat
888 1130 1052 1170 Oriona:
1500 1131 1580 1169 535

172 1207 228 1245 sic
257 1207 360 1246 inter
390 1218 476 1245 sese
506 1206 629 1245 tristis
660 1203 873 1244 lialiaeetos
903 1205 983 1243 iras

173 1284 211 1319 et
240 1279 330 1319 ciris
360 1279 524 1319 memori
555 1283 713 1318 servant
742 1277 789 1317 ad
825 1277 981 1317 saecula
1011 1276 1104 1316 fato.

1501 396 1524 432 ΕΠ

1530 395 1565 431 119

1570 410 1581 432 v
1563 397 1577 404 ι

143 1483 223 1522 523
254 1484 339 1521 dum
371 1484 540 1534 Silliyius
662 1483 744 1521 524
774 1483 995 1532 proprietate
1026 1483 1132 1519 Hm.
1160 1483 1179 1519 1
1280 1485 1460 1521 nitentum
1491 1490 1577 1522 vett.

59 1542 156 1578 edd„-
187 1540 241 1588 cf.
271 1542 365 1579 Aen.
397 1541 516 1579 11120
547 1541 708 1578 uidemus
740 1540 909 1577 BHLRe
941 1540 1077 1587 tepenti
1104 1535 1153 1574 αῙ
1186 1538 1369 1577 bidentum
1403 1541 1580 1590 Scaliyer

142 1596 222 1635 525
254 1599 465 1635 thaurorum
496 1599 538 1635 H
621 1596 747 1645 suplex
779 1598 821 1633 H
904 1601 1111 1644 respexerat
1144 1596 1224 1633 ΒΗ
1251 1610 1296 1634 m.
1324 1598 1342 1633 1
1378 1597 1497 1645 (corr.
1530 1611 1577 1635 m.

58 1653 154 1701 rec.)
249 1665 325 1693 aras
357 1655 419 1692 Ra
448 1666 554 1704 auras
587 1655 716 1692 BHLe
832 1651 912 1689 526
944 1652 1055 1701 longo
1088 1653 1122 1689 R
1217 1653 1401 1691 decorauit
1431 1655 1466 1692 R

292 1710 320 1733 et

58 1743 138 1782 527
169 1743 298 1780 Reddit
327 1742 378 1791 (et
408 1754 610 1791 suprascr.
642 1755 689 1779 m.
713 1740 808 1790 rec.)
833 1743 876 1778 H
901 1742 1070 1780 Reddite
1093 1755 1139 1779 m.
1165 1743 1185 1779 1
1305 1743 1386 1781 528
1418 1743 1589 1794 1100119111,λ
1634 1741 1640 1746 “

12 1797 19 1801 ’
62 1801 94 1836 Β
123 1799 221 1837 Fecit
250 1806 286 1837 et
314 1801 394 1838 Lea
499 1799 650 1836 halietos
688 1799 760 1835 ales
793 1798 830 1834 B
863 1799 1051 1847 halyethos
1083 1799 1156 1836 ales
1187 1809 1207 1837 ε
1246 1800 1419 1837 haliaetus
1451 1802 1523 1838 ales
1554 1815 1579 1837 α

58 1856 210 1894 aliethos
249 1856 321 1893 ales
359 1857 390 1893 L
427 1857 590 1893 helicone
628 1856 719 1892 sales
759 1856 802 1892 H
835 1855 949 1892 helice
986 1856 1078 1892 sales
1117 1858 1152 1893 R
1269 1863 1392 1894 essent
1422 1859 1457 1895 R

58 1912 138 1951 529
170 1912 297 1961 aquilis
328 1913 408 1951 Lea
445 1913 538 1954 31113,
578 1915 616 1948 in
647 1925 718 1961 my.
751 1911 878 1960 aquilis
910 1913 946 1947 B
983 1912 1111 1960 aliquis
1144 1913 1220 1950 HR
1316 1915 1476 1950 coruscis
1508 1915 1577 1951 As-

58 1971 242 2024 censianq
280 1974 316 2006 et
352 1970 509 2007 Iuntina
548 1969 731 2005 choruscis
765 1969 800 2004 Β
835 1979 1007 2005 coruscus
1039 1966 1223 2007 HLRoc¹e
1358 1970 1442 2008 530
1472 1968 1576 2021 vero]

58 2038 120 2095 ergo
151 2057 189 2108 (g
210 2071 258 2097 m.
279 2059 375 2107 rec.)
396 2061 439 2096 H
466 2071 528 2096 ero
551 2060 584 2096 R
672 2060 800 2095 misere
821 2059 856 2095 R
944 2060 1111 2107 quoniam
1143 2059 1305 2096 damnata
1328 2060 1389 2096 Βα
1411 2062 1578 2108 quoniam

58 2138 125 2173 iam
155 2142 235 2174 nata
266 2139 318 2176 Le
356 2140 417 2186 qui
446 2140 511 2174 iam
543 2143 624 2174 nata
655 2137 696 2173 H
732 2138 898 2186 quoniam
934 2138 1000 2173 iam
1031 2142 1132 2172 nacta
1163 2138 1197 2174 R
1321 2138 1399 2175 531
1434 2139 1578 2186 1111111010

62 2195 96 2229 Β
194 2195 401 2243 patriaeque
433 2195 599 2243 Silliyius
637 2196 782 2242 natique
812 2193 972 2231 HLRea
1003 2190 1139 2240 nffque,
1179 2196 1217 2229 in
1248 2206 1318 2242 my.
1359 2196 1505 2244 natique
1544 2197 1579 2231 Β

59 2251 240 2298 patrisque
270 2251 446 2299 Heynius
566 2250 646 2287 532
677 2250 825 2287 1111110311
856 2251 891 2286 R
992 2250 1159 2297 apposuit
1193 2250 1237 2295 B,
1273 2250 1439 2298 Sr’lliqius
1469 2264 1578 2301 appo-

58 2304 155 2353 suits]
184 2306 228 2342 H
252 2308 455 2355 apposuitq.
487 2307 604 2344 LRea
757 2306 838 2343 533
870 2305 983 2353 lamq:
1022 2306 1075 2343 L'e
1191 2312 1230 2342 ut
1260 2307 1296 2342 in
1327 2307 1485 2344 aetherio
1519 2310 1578 2344 Βα

58 2363 192 2398 1111113111
230 2363 396 2399 aethereo
428 2363 464 2399 R
501 2364 637 2398 utinam
674 2362 821 2398 ethereo
861 2361 905 2397 H
937 2362 1071 2397 utinam
1109 2362 1248 2399 etherio
1286 2364 1337 2401 Le
1443 2364 1576 2401 lumine

61 2418 305 2455 Schraderus
390 2423 527 2469 prestas
559 2419 593 2455 R
695 2417 776 2455 534
797 2418 978 2454 stellatum
999 2418 1156 2455 Iuntina
1177 2419 1363 2456 stellarum
1384 2420 1577 2460 BHLRea

142 2507 270 2556 sydere
300 2509 393 2546 LRa
424 2491 552 2571 inurere
583 2509 618 2544 Β
732 2507 812 2546 535
844 2508 1012 2557 Scorpios
1046 2510 1080 2545 Β
1111 2509 1281 2559 Scorpius
1314 2511 1472 2550 HLReoc

58 2597 204 2634 alterius
236 2599 270 2635 R
365 2598 492 2646 sugant
521 2598 610 2644 HR,
641 2600 784 2635 lacuna
814 2601 852 2634 in
882 2599 912 2634 L
1015 2610 1150 2647 oryoua
1181 2601 1216 2637 R
1247 2601 1408 2638 orionem
1438 2603 1490 2641 Le

60 2654 140 2691 536
171 2666 210 2691 se
242 2683 250 2691 .
275 2683 283 2690 .
309 2683 317 2690 .
350 2665 388 2690 se
419 2654 557 2702 (erasis
587 2653 611 2690 2
643 2656 699 2691 vel
732 2655 755 2691 3
785 2656 933 2701 litteris,
970 2666 1010 2691 se
1036 2659 1231 2702 posterius
1260 2669 1307 2693 m.
1341 2657 1424 2706 alt.)
1461 2660 1492 2695 Β

60 2710 180 2747 tristes
203 2711 316 2749 BLeoc
417 2710 610 2746 haliaeetus
646 2711 680 2746 B
710 2711 872 2758 halyetus
903 2720 923 2748 ε
955 2711 1126 2748 haliaetus
1148 2725 1173 2747 α
1203 2713 1328 2749 3110103
1351 2713 1395 2750 Η
1421 2715 1572 2753 3110111113

62 2766 90 2801 L
120 2765 267 2804 aliethes
298 2767 332 2804 R
424 2767 460 2803 in
491 2768 559 2803 iras
590 2767 707 2804 LRea
831 2767 911 2804 537
943 2768 1058 2804 ciricis
1091 2768 1151 2806 Ηε
1182 2770 1307 2817 cyricis
1338 2771 1405 2808 LR
1500 2784 1574 2809 ser·

60 2831 146 2857 uaus
176 2822 228 2861 Le
340 2823 462 2860 sedula
493 2824 528 2860 R
643 2822 736 2860 13010
770 2824 802 2860 R
834 2823 922 2860 sacta
955 2823 994 2860 H
