1884 3126
794 169 917 197 CIRIS.
1535 155 1613 198 101

201 286 270 337 qui
300 285 429 337 prius,
462 282 617 323 Ossaeis
648 288 907 323 consternens
937 279 1097 321 aethera
1129 282 1244 327 saxis,

202 357 381 398 Emathio
411 356 560 419 celsum
590 355 816 408 duplicabat
846 355 991 394 vertice
1022 354 1245 406 Olympum.

204 431 278 471 tale
311 431 408 470 deae
438 429 566 470 velum
596 429 777 469 sollemni
807 434 987 480 tempore
1016 433 1197 481 portant:
1561 431 1612 467 35

202 504 267 545 tali
298 509 336 544 te
367 503 527 550 vellem,
559 504 744 543 iuvenum
776 501 1018 547 doctissime,
1050 502 1128 541 ritu

200 590 424 631 purpureos
454 579 557 617 inter
587 576 688 616 soles
719 581 758 616 et
787 574 953 615 candida
983 575 1102 615 lunae

202 652 351 698 sidera,
384 650 574 691 caeruleis
603 650 742 690 orbem
772 649 968 702 pulsantia
1000 649 1114 700 bigis,

200 731 361 765 naturae
392 737 527 765 rerum
557 725 710 775 magnis
739 724 920 763 intexere
951 722 1120 762 chartis:

199 803 404 838 aeternum
435 798 596 851 sophiae
627 798 880 838 coniunctum
912 797 1087 836 carmine
1118 808 1264 836 nomeu
1556 799 1610 837 40

199 878 332 912 nostra
364 878 472 912 tuum
503 871 661 912 senibus
690 871 922 922 loqueretur
951 871 1094 922 pagina
1127 869 1278 910 saeclis.

199 946 266 986 sed
298 947 484 997 quoniam
514 945 561 985 ad
593 950 720 985 tantas
751 957 856 984 nunc
886 946 1057 996 primum
1090 945 1438 989 nascimui·›ai·te5‚

200 1032 304 1059 nunc
335 1021 507 1072 primum
537 1023 698 1058 teneros
729 1019 932 1058 firmamus
962 1017 1108 1058 robore
1138 1030 1294 1062 nervos,

200 1093 296 1133 haec
327 1098 458 1132 tamen
487 1093 658 1137 interea,
691 1105 790 1144 quae
820 1103 1051 1144 possumuS,
1083 1093 1122 1130 in
1155 1091 1297 1142 quibus
1327 1093 1411 1138 aevi

200 1167 325 1218 prima
354 1166 576 1206 rudimenta
608 1170 647 1206 et
675 1166 835 1206 iuvenes
867 1165 1067 1216 exegimus
1097 1177 1235 1210 annos,
1555 1166 1609 1204 45

200 1241 334 1291 accipe
364 1240 468 1279 dona
497 1252 586 1279 meo
617 1239 784 1279 multum
816 1239 969 1291 vigilata
1000 1237 1137 1278 labore

198 1313 491 1365 promissaeque
522 1312 589 1352 diu
619 1313 694 1352 iam
729 1312 885 1351 tandem
917 1311 1078 1351 exordia
1109 1311 1279 1364 opellae:

198 1387 315 1438 impia
346 1385 539 1438 prodigiis
570 1392 611 1425 ut
640 1386 837 1436 quondam
870 1386 1058 1425 exterrita
1090 1386 1236 1424 amoris

199 1458 326 1512 Scylla
357 1471 477 1499 novos
507 1446 841 1499 avium›2sublimis
871 1460 911 1498 in
943 1462 1036 1498 aere
1067 1463 1204 1498 coetus

198 1532 339 1572 viderit
369 1538 407 1572 ct
436 1533 545 1571 tenui
575 1532 847 1572 conscendens
877 1531 1005 1571 sidera
1035 1533 1155 1584 pinna
1553 1535 1609 1572 50

199 1604 390 1645 caeruleis
420 1618 488 1645 sua
519 1610 620 1646 tecta
650 1618 769 1658 super
800 1605 1019 1645 volitaverit
1048 1605 1131 1651 alis,

198 1678 299 1718 lianc
328 1691 401 1730 pro
431 1691 632 1731 purpureo
662 1691 830 1731 poenam
862 1678 1052 1718 scelerata
1084 1679 1237 1731 capillo,

198 1764 269 1803 pro
299 1753 424 1804 patria
456 1751 612 1792 solvens
643 1754 773 1792 excisa
808 1752 986 1792 funditus
1016 1751 1129 1791 urbe.

85 1923 196 1972 typho
227 1924 306 1961 Lea
407 1922 459 1961 33
491 1924 604 1960 osseis
635 1925 744 1961 HLR
847 1923 900 1961 34
931 1924 1108 1960 aemathio
1139 1925 1168 1960 L
1271 1924 1323 1962 35
1355 1925 1507 1962 solemni
1529 1926 1605 1962 HR

168 1981 203 2016 in
235 1985 396 2028 tempore
425 1981 478 2017 Le
594 1980 646 2017 36
677 1980 783 2016 uelim
817 1981 852 2016 R
968 1980 1020 2017 38
1051 1979 1187 2028 Sydera
1216 1981 1284 2018 LR
1374 1979 1516 2032 orbem]
1549 1995 1605 2033 cg-

84 2036 156 2071 lum
187 2037 217 2072 L
302 2037 414 2084 signis
445 2036 531 2074 ALe
563 2036 637 2072 ‘aL
670 2036 805 2072 sumis'
838 2037 891 2073 Is.
937 2038 1088 2074 Vossius
1204 2037 1256 2074 39
1289 2035 1378 2074 uer?
1407 2038 1442 2074 R
1530 2051 1606 2075 car·

85 2093 129 2127 tis
168 2093 210 2128 H
327 2092 383 2130 40
412 2098 596 2130 aeternum
637 2098 677 2128 ut
714 2093 900 2130 Nic-olaus
945 2094 1103 2130 Loensis
1140 2096 1244 2130 mise.
1282 2095 1409 2142 epiph.
1441 2095 1513 2130 Vlll
1552 2095 1604 2131 24

168 2148 219 2184 41
253 2154 371 2185 tecum
400 2149 436 2186 R
522 2154 736 2197 sequeretur
766 2150 796 2185 L
882 2149 986 2186 seclis
1019 2150 1053 2185 R
1175 2149 1230 2185 44
1261 2161 1342 2197 sqq.
1377 2151 1431 2198 cf.
1466 2151 1608 2189 Catulli

83 2204 123 2239 Cl
146 2204 178 2245 ,7
210 2216 290 2253 sqq.
407 2204 460 2242 45
493 2217 562 2242 om.
596 2206 630 2241 R
716 2206 866 2243 iuuenes
898 2206 963 2242 Hoc
995 2211 1035 2242 uc
1069 2205 1221 2242 Ovidius
1251 2211 1399 2243 metam.
1434 2207 1491 2243 vu
1523 2208 1603 2245 295

85 2261 219 2308 primos
240 2261 294 2299 Le
379 2262 554 2309 exigimus
576 2262 671 2299 HLe
772 2262 825 2298 47
858 2263 1126 2310 promissaeque
1157 2262 1218 2298 diu
1238 2266 1391 2310 scripsi.
1423 2257 1619 2300 Promissa

86 2321 193 2363 atque
222 2317 283 2352 diu
313 2318 389 2354 HR
425 2323 461 2353 et
497 2319 671 2366 promissa
704 2319 773 2354 tuis
803 2318 890 2355 ALe
920 2317 963 2353 Et
993 2319 1185 2366 praemissa
1217 2320 1286 2354 tuis
1317 2332 1342 2354 α
1427 2321 1496 2356 iam
1527 2326 1603 2357 tan-

86 2372 166 2407 ‹lem
196 2373 272 2409 HR
309 2384 382 2409 non
420 2385 545 2421 magna
577 2374 655 2411 Lea
693 2385 765 2410 non
803 2374 955 2410 multum
986 2375 1019 2409 A
1107 2374 1252 2411 exordia
1280 2375 1418 2424 opellae
1448 2379 1600 2424 scripsi,

87 2429 157 2464 oni.
189 2428 266 2464 HR
304 2428 449 2464 exordia
484 2428 590 2465 rebus
621 2430 735 2467 ALea
772 2430 915 2466 exordia
952 2442 1072 2467 musae
1110 2434 1257 2468 amicus
1293 2434 1446 2480 quidam
1482 2437 1603 2471 suasit

171 2483 224 2521 48
256 2486 423 2521 exterrita
455 2485 700 2522 Seleraclerus
729 2478 914 2523 exterruit*
932 2488 1054 2526 HLeoc
1084 2489 1212 2524 terruit
1234 2488 1268 2524 R
1301 2491 1460 2526 exercuit
1481 2491 1512 2526 Α
1543 2502 1602 2526 ex-

88 2540 227 2576 horruit
269 2541 420 2578 Vossius
450 2543 603 2578 exercita
634 2542 808 2591 Scaliyer
893 2545 1022 2580 amoris
1054 2544 1230 2593 Scaliqer
1260 2545 1385 2593 amplis
1406 2546 1601 2585 AHLReoc

88 2596 172 2632 «liris
212 2599 269 2634 vel
307 2598 403 2633 miris
442 2598 623 2635 Heinsius
744 2598 797 2636 49
827 2595 942 2636 'Scilla
979 2601 1050 2636 HL
1087 2600 1183 2649 Sylla
1214 2602 1248 2638 R
1371 2602 1425 2640 50
1455 2604 1603 2640 Auxerit

86 2656 250 2700 exempl.
282 2654 441 2690 Loensis
589 2654 704 2691 sidera
735 2666 850 2703 penna
880 2665 900 2693 ε
937 2656 1065 2704 sydera
1093 2655 1185 2705 pena
1215 2659 1245 2694 L
1275 2657 1393 2694 sidera
1422 2660 1530 2707 pinne
1561 2662 1603 2697 H

86 2749 203 2780 aetera
232 2742 323 2792 pena
344 2744 380 2780 R
401 2745 542 2781 aethera
574 2756 688 2792 penna
709 2758 735 2781 οι
813 2745 863 2782 51
889 2746 942 2793 cf.
966 2748 1037 2783 ecl.
1060 2747 1102 2782 Vl
1124 2747 1174 2784 81
1253 2731 1321 2798 stip
1342 2750 1384 2785 H
1468 2750 1520 2787 52
1543 2752 1597 2799 cf.

85 2810 143 2847 qe.
163 2800 177 2835 Ι
196 2800 278 2838 405
380 2801 635 2839 *sousa-cleram
664 2803 707 2838 H
824 2802 877 2840 53
907 2802 1049 2851 Proque
1078 2804 1158 2841 Lea
1263 2806 1356 2854 patia
1403 2807 1600 2855 Hauptius

87 2861 234 2903 quaest.
267 2856 402 2894 Catuli.
426 2858 477 2896 76
507 2859 618 2906 patris
640 2859 799 2897 HLRecc
876 2859 993 2895 excisa
1014 2860 1093 2898 Lea
1124 2861 1239 2898 excisa
1269 2855 1369 2900 etrH
1397 2864 1514 2900 excisa
1544 2870 1594 2900 est
