1884 3126
273 178 327 219 50
855 194 1185 221 PROLEGOMENON

275 308 336 340 tur
367 302 542 352 exempla
573 302 766 341 luculenta
799 303 1032 353 praebentur
1065 303 1236 341 versibus
1268 304 1294 340 V
1325 301 1379 340 35
1399 313 1468 352 sq„
1503 301 1566 341 VII
1589 301 1650 347 11,
1684 301 1765 341 VIII

275 365 339 411 10,
370 367 474 406 XIIII
502 366 540 407 3.

383 478 427 516 In
466 480 595 517 diris
633 485 670 516 et
712 480 750 517 in
787 480 946 528 Lydia
988 491 1034 516 ex
1065 479 1199 517 Naekii
1237 483 1424 529 apparatu
1463 479 1561 529 elegi
1591 490 1689 529 quae
1718 480 1765 518 ad

274 544 530 595 supplendum
578 557 706 583 meum
747 545 801 583 vel
841 546 990 582 minimi
1030 545 1145 595 pretii
1183 557 1267 583 esse
1307 545 1547 584 viderentur:
1595 545 1766 585 eiusdem

274 611 488 661 scripturae
527 611 744 648 testimonia
784 623 829 648 ex
860 611 1141 650 recentioribus
1173 611 1372 651 codicibus
1395 610 1621 664 'nullumjn
1653 624 1763 651 usum

275 689 416 727 augere
460 683 680 728 pertaesum
720 681 786 715 est.
847 676 914 715 sed
951 676 1046 715 haec
1085 676 1209 727 idyllia
1255 682 1340 727 post
1379 677 1627 716 eruditissimi
1664 677 1767 716 illius

275 744 343 781 viri
373 755 530 794 operam
563 755 649 780 rara
681 742 882 781 doctorum
914 742 1111 782 hominum
1153 743 1278 782 studia
1310 749 1467 794 experta
1506 748 1607 783 sunt.
1666 745 1766 782 inter

275 821 369 860 quos
405 809 442 847 C.
484 809 544 847 Fr.
592 809 838 847 Ilermannus
878 808 1021 860 (opusc.
1061 822 1097 860 p.
1132 807 1210 847 112
1240 811 1336 861 sqq.)
1376 810 1627 849 amoebaeum
1663 811 1766 848 inter

275 887 408 913 senem
453 880 491 913 et
527 875 723 913 Battarum
772 876 949 914 iuvenem
999 876 1189 926 quendam
1239 889 1395 916 carmen
1447 889 1657 928 agnoscere
1693 875 1765 915 sibi

277 942 398 985 visus,
431 952 662 990 quamquam
693 939 844 978 laudem
875 946 1010 980 nactus
1040 942 1298 993 Bernhardyi,
1331 949 1457 982 tamen
1495 944 1631 982 merito
1661 943 1765 982 resu-

276 1012 374 1046 tatus
406 1007 495 1045 olim
527 1012 583 1045 est
613 1006 659 1044 ab
692 1006 856 1045 Henrico
888 1007 1008 1045 Keilio
1039 1008 1163 1046 diurn.
1197 1008 1266 1047 litt.
1301 1009 1378 1048 len.
1404 1007 1510 1048 1849
1540 1022 1577 1060 p.
1605 1007 1685 1048 487
1707 1022 1763 1060 sq.

274 1086 362 1112 nam
410 1074 456 1111 ad
494 1074 692 1112 Battarum
733 1074 906 1122 quamvis
947 1085 1079 1112 verum
1110 1075 1159 1112 sit
1198 1087 1417 1113 sermonem
1456 1077 1608 1126 saepius
1648 1075 1693 1124 (v.
1729 1074 1763 1113 ],.

278 1138 338 1178 14.
370 1137 436 1178 54.
469 1138 531 1177 71.
566 1137 645 1188 97.)
679 1140 869 1183 converti,
911 1144 1038 1178 tamen
1078 1140 1139 1178 hic
1177 1152 1364 1191 nusquam
1395 1146 1459 1180 aut
1487 1153 1619 1180 senem
1650 1142 1766 1180 istum

276 1206 496 1255 adloquitur
528 1212 606 1247 aut.
649 1210 688 1244 ut
719 1210 898 1244 constans
928 1206 967 1244 in
999 1205 1071 1244 hoc
1109 1219 1271 1258 poeseos
1301 1219 1445 1257 genere
1483 1219 1566 1246 mos
1597 1212 1670 1253 est,
1711 1209 1766 1247 eis

276 1284 373 1321 quae
419 1271 514 1310 alter
559 1271 653 1309 dixit
697 1271 934 1321 respondere
980 1274 1238 1322 cognoscitur.
1308 1273 1447 1323 quibus
1496 1279 1624 1312 autem
1674 1274 1767 1312 lor-is

275 1338 424 1377 duobus
467 1339 704 1377 mentionem
748 1338 851 1376 senis
895 1338 978 1376 fieri
1016 1340 1150 1378 statuit
1188 1339 1431 1378 Hermannus
1468 1351 1502 1377 v.
1545 1338 1596 1379 10
1633 1345 1670 1379 et
1701 1338 1765 1384 93,

276 1405 414 1443 horum
446 1407 587 1455 priore,
622 1405 688 1454 qui
717 1405 772 1442 sic
802 1405 840 1442 in
873 1403 982 1443 libris
1014 1405 1174 1444 traditur

597 1527 661 1552 nec
691 1516 837 1551 secunda
867 1517 962 1552 senis
994 1518 1108 1552 nostri
1140 1517 1252 1554 sclicla
1284 1530 1364 1554 rura

595 1572 727 1607 semina
758 1573 957 1618 parturiant
985 1577 1137 1619 segetes,

275 1692 369 1732 illud
398 1695 502 1731 senis
531 1693 657 1730 noslri
677 1690 833 1741 (nostris
854 1690 1115 1742 Monacenses)
1146 1693 1203 1730 vel
1235 1705 1309 1743 quo
1338 1694 1531 1744 pertineat
1561 1693 1767 1733 admodum

276 1759 435 1798 dubium
467 1762 536 1796 est.
598 1757 746 1796 rettulit
776 1769 861 1795 cum
893 1756 1015 1796 Tollio
1045 1757 1214 1796 Naekius
1244 1759 1290 1797 ad
1323 1760 1480 1804 semina,
1513 1759 1680 1799 villicum
1709 1762 1768 1799 in-

276 1825 462 1875 tellegens
499 1836 649 1868 senem,
693 1825 754 1862 cui
791 1823 946 1862 serendi
983 1836 1076 1862 cura
1107 1823 1335 1864 demandata
1367 1831 1478 1864 esset.
1540 1828 1647 1876 quasi
1677 1838 1767 1865 vero

276 1891 456 1942 expulsus
486 1901 579 1940 agro
611 1889 788 1928 dominus
819 1889 1082 1940 praedonibus
1114 1903 1269 1930 servum
1300 1904 1431 1936 suum,
1465 1894 1530 1944 qui
1560 1905 1673 1943 agros
1703 1905 1765 1931 co-

276 1959 382 2003 leret,
414 1957 652 2007 reliquisset!
693 1960 866 1994 ceterum
897 1956 1063 1995 obscura
1093 1962 1131 1995 et
1161 1956 1339 2007 languida
1371 1970 1457 1997 esse
1487 1959 1607 2009 quivis
1637 1959 1765 1998 sentit.

277 2024 455 2067 alteram,
498 2035 596 2074 quae
626 2021 771 2061 Naekio
802 2021 922 2060 multo
953 2023 1080 2061 minus
1110 2013 1338 2074 probabilis,
1382 2024 1605 2063 Hermanno
1636 2030 1768 2064 contra

278 2090 396 2129 multo
426 2090 682 2140 praestantior
713 2089 789 2127 visa
821 2093 876 2126 est
907 2101 950 2127 ac.
980 2102 1023 2127 re
1054 2102 1142 2128 vera
1165 2091 1247 2141 ipso
1282 2091 1486 2130 verborum
1508 2091 1644 2130 ordine
1665 2104 1767 2131 com—

278 2156 496 2200 mendatur,
539 2156 728 2193 rationem
760 2156 792 2192 si
822 2156 1042 2204 sequimur,
1081 2159 1183 2195 senis
1220 2159 1348 2196 nostri
1375 2157 1517 2204 felicia
1545 2170 1646 2197 rura
1676 2170 1768 2197 con-

277 2222 469 2273 iungenda
501 2227 609 2265 sunt,
642 2227 719 2259 tum
752 2227 881 2259 autem
911 2233 1031 2260 senex
1059 2221 1342 2273 intellegendus
1372 2235 1575 2274 possessor
1605 2225 1766 2270 anticus,

277 2295 392 2339 atque
423 2288 486 2327 alii
517 2301 610 2326 sane
639 2288 752 2326 huius
783 2289 979 2332 carminis,
1013 2288 1116 2339 quod
1146 2288 1222 2326 av.
1246 2286 1270 2327 8
1293 2299 1413 2338 usque
1445 2289 1491 2328 ad
1514 2288 1564 2328 13
1585 2291 1765 2340 pertinet,

278 2361 404 2407 partes
444 2353 672 2393 tribuendae
709 2358 809 2392 sunt.
870 2359 907 2392 at
944 2353 1049 2392 nullo
1087 2359 1288 2406 praeterea
1326 2354 1410 2394 loco
1448 2356 1498 2394 ita
1535 2368 1625 2394 rura
1663 2368 1766 2401 com-

279 2427 562 2466 memorantur,
602 2426 644 2459 ιιι
680 2432 758 2459 non
796 2421 876 2458 eius
913 2421 1034 2471 ipsius
1071 2423 1136 2472 qui
1173 2426 1302 2460 cantat
1337 2434 1419 2461 esse
1458 2422 1677 2461 videantur:
1717 2422 1765 2461 cf.

280 2502 309 2525 v.
342 2487 407 2527 33.
439 2486 493 2527 45
523 2499 578 2538 sq.
609 2485 675 2526 61.
709 2485 773 2525 70.
807 2485 871 2525 72.
904 2485 968 2525 79.
1001 2485 1066 2527 80.
1100 2485 1164 2527 84.
1197 2486 1262 2527 86.
1295 2486 1360 2534 90,
1393 2501 1437 2527 ex
1470 2487 1610 2539 quibus
1640 2493 1768 2528 tamen

279 2568 310 2593 v.
344 2553 408 2593 70.
447 2553 511 2594 80.
544 2552 598 2593 90
636 2554 790 2592 Battaro
834 2553 969 2592 tribuit
1004 2555 1260 2594 Hermannus.
1321 2560 1519 2606 praeterea
1565 2567 1656 2595 vero
1698 2556 1767 2594 ista

279 2632 433 2672 quoque
462 2621 663 2671 languent:
696 2631 784 2658 nam
815 2632 903 2659 cum
936 2624 1054 2659 totam
1085 2633 1154 2672 per
1186 2620 1356 2672 eclogam
1389 2621 1437 2660 de
1467 2621 1610 2660 relictis
1633 2633 1653 2659 a
1673 2620 1767 2671 legi-

278 2689 371 2726 timo
408 2687 565 2725 domino
604 2687 706 2736 agris
741 2698 870 2725 sermo
907 2687 972 2730 sit,
1020 2699 1089 2726 cur
1126 2687 1280 2726 tandem
1321 2689 1424 2727 senis
1462 2699 1545 2726 esse
1574 2699 1665 2726 rura
1694 2687 1768 2726 hoc

278 2754 520 2804 potissimum
556 2752 642 2791 loco
681 2741 872 2804 expressis
907 2753 1035 2792 verbis
1071 2743 1327 2793 moneretur?
1356 2750 1632 2793 sententiarum
1663 2753 1766 2792 colo-

278 2831 362 2860 rem
394 2824 431 2858 et
461 2819 759 2858 concinnitatem
791 2820 857 2868 qui
888 2821 1102 2858 accuratius
1121 2832 1251 2859 secum
1273 2820 1534 2872 perpenderit,
1567 2820 1768 2860 mirabitur
