1884 3126
1296 95 1316 110 Ι

766 120 899 148 capm-
930 121 959 148 1.
1594 103 1622 143 5

50 287 53 289 ‚
102 238 263 289 priapeo
316 235 574 287 compositum
624 238 695 273 est.
762 231 971 271 vindIcavit
1016 230 1091 270 hoc
1136 231 1266 282 ipsum
1317 229 1489 268 Naekius
1537 230 1617 270 Cat.

100 318 138 357 p.
169 302 252 343 230
283 317 341 355 sq.
373 301 543 354 Vergilio
580 305 734 346 nostro,
775 311 848 339 nec
887 305 1016 339 tamen
1058 311 1101 337 ea
1134 299 1237 337 inter
1268 302 1480 347 utrumque
1511 299 1618 337 simi-

102 371 222 411 litudo
260 369 506 410 intercedere
542 368 638 408 mihi
676 367 847 412 videtur,
886 373 927 406 ut
965 371 1126 418 propter
1166 365 1267 404 hanc
1297 364 1465 404 alterum
1500 371 1541 403 ut
1573 377 1618 404 ex

102 440 316 479 imitatione
355 438 469 477 huius
508 448 738 489 expressum
769 435 835 474 alii
874 435 1024 474 auctori
1062 432 1365 485 relinquendum
1407 444 1491 472 esse
1522 432 1618 471 mihi

103 507 352 559 persuaserit.
410 517 498 544 nam
529 504 792 543 demonstrari
823 503 1057 542 necessitate
1089 506 1410 552 argumentorum
1444 504 1511 539 aut
1533 512 1620 539 esse

102 579 168 614 aut
198 586 275 613 non
307 585 391 612 esse
422 571 685 623 Vergilianum
725 574 910 610 neutrum
940 574 1082 621 potest.
1140 570 1181 607 iu
1212 569 1318 607 tertii
1350 579 1382 606 ν.
1416 566 1439 607 7
1472 568 1621 606 notavit

101 641 379 691 llertzbergius
410 639 686 693 synaloepham
718 639 847 677 minus
878 637 1110 688 elegantem,
1143 636 1212 676 sed
1242 641 1372 675 tamen
1404 648 1425 675 a
1455 634 1620 686 Vergilii

100 716 183 749 arte
222 722 297 748 non
337 709 522 753 alienam,
561 708 602 746 in
632 719 666 745 v,
702 704 751 745 17
783 705 962 758 glyconei
1000 709 1217 744 extremam
1250 702 1437 756 syllabam
1471 703 1619 754 ancipi-

100 783 189 816 tem.
243 776 403 815 secundi
434 789 466 814 v.
502 773 553 814 12
582 786 639 825 sq.
673 778 1002 824 comparaverunt
1033 784 1122 811 cum
1153 771 1310 823 eclogae
1342 771 1357 810 Ι
1387 784 1420 809 v.
1444 769 1510 816 35,
1544 782 1620 820 quo

99 849 228 883 tamen
268 855 340 882 nec
378 843 545 882 eundem
583 854 657 881 nec
697 841 873 880 diversos
911 841 1118 890 utriusque
1157 839 1233 878 loci
1274 843 1456 878 auctores
1498 839 1619 877 fuisse

100 911 301 950 evincitur.
362 911 532 960 primum
564 921 652 949 cum
683 909 852 960 pessima
874 909 914 946 in
942 909 1071 960 primo
1095 920 1208 947 versu
1231 905 1468 958 synaloepha
1492 905 1517 954 (‘
1528 917 1621 945 vere

99 980 225 1020 rosaz
249 992 281 1018 e.
306 992 340 1030 q.
365 978 410 1028 s.)
443 989 515 1017 nec
547 976 718 1016 Naekius
748 988 984 1028 quemquam
1008 976 1159 1016 Maroni
1191 974 1398 1025 adsignare
1426 985 1616 1013 ausurum

101 1059 185 1086 esse
223 1045 390 1085 credidit
426 1049 464 1084 et
503 1045 550 1083 ad
581 1043 768 1083 Martialis
799 1043 882 1084 VIII
913 1042 968 1083 40
1005 1044 1263 1083 imitationem
1303 1042 1450 1081 factum
1488 1041 1621 1080 statuit

102 1112 365 1152 Buechelerus
387 1124 482 1151 mus.
506 1112 631 1151 Rhen.
654 1111 775 1151 XVIII
797 1124 832 1163 p.
857 1109 959 1151 415:
993 1115 1125 1150 tamen
1146 1109 1317 1161 Vergilio
1339 1109 1515 1148 tribuere
1539 1120 1617 1147 non

101 1181 289 1220 dubitavit
318 1179 610 1230 Ilertzbergius.
1050 1216 1051 1219 ,

210 1248 416 1287 Praeterea
449 1245 603 1285 Tibullo
634 1251 734 1286 teste
766 1245 966 1296 Scaligero
997 1247 1036 1284 in
1068 1246 1298 1285 membrana
1320 1245 1526 1285 Cuiaciana
1550 1244 1617 1284 ad-

100 1316 267 1367 scriptos
296 1313 447 1353 iambos
479 1314 529 1366 (in
559 1314 775 1353 Burmanni
803 1312 950 1352 anthol.
973 1313 1020 1352 Vl
1043 1311 1117 1358 83,
1149 1314 1190 1352 in
1211 1313 1530 1352 Lachmanniano
1552 1311 1616 1350 Ti-

100 1381 207 1422 bullo
238 1382 286 1421 IV
309 1379 372 1432 14)
405 1380 525 1421 Aldus
555 1381 616 1420 ‘in
648 1382 818 1432 antiquis
847 1380 983 1420 libris'
1016 1379 1195 1432 (fortasse
1226 1372 1265 1419 in
1298 1382 1344 1431 Z)
1379 1379 1616 1431 ‘separatim

100 1449 147 1489 ab
179 1448 263 1488 aliis
292 1450 331 1487 in
363 1449 546 1500 Priapum
583 1448 737 1488 lusibus
768 1447 842 1487 sub
873 1447 1022 1499 Virgilii
1052 1449 1211 1487 nomine
1242 1447 1342 1499 legi'
1384 1452 1538 1491 narrat;
1580 1452 1619 1485 et

101 1515 285 1566 leguntur
322 1516 363 1554 in
402 1515 536 1555 codice
566 1514 636 1554 XII
675 1514 822 1555 saeculi
851 1515 1079 1555 Monacensi
1112 1513 1249 1556 18059
1281 1527 1368 1555 cum
1401 1515 1476 1555 boc
1507 1513 1618 1554 titulo

102 1583 301 1635 ‘Priapeia
333 1583 504 1622 Maronis
535 1583 706 1634 incipit',
741 1595 814 1622 nec
845 1585 1002 1622 evanuit
1033 1583 1169 1623 eadem
1199 1584 1391 1622 memoria
1422 1584 1462 1622 in
1485 1583 1617 1622 Mona-

102 1650 229 1690 censis
270 1647 376 1690 7471
422 1648 566 1688 codicis
615 1650 873 1702 inscriptione
922 1652 1097 1702 quamvls
1147 1656 1322 1690 ceterum
1373 1649 1616 1689 incredibili:

102 1717 355 1768 ‘compositio
392 1729 472 1756 non
508 1717 632 1768 ipsius
663 1716 813 1768 Virgilii
850 1721 909 1757 set
942 1717 1104 1757 alterius
1134 1723 1250 1770 poete
1281 1715 1486 1757 novissimi
1517 1723 1616 1756 tem-

99 1795 196 1836 pore
226 1783 420 1835 Philelplii
451 1785 566 1823 vitam
598 1785 773 1835 agentis'
808 1784 907 1837 (vide
938 1785 1226 1825 Buechelerum
1256 1786 1282 1824 l.
1316 1786 1340 1824 l.
1372 1798 1410 1837 p.
1442 1782 1556 1835 415).

212 1851 444 1892 Adiunctum
475 1853 674 1903 integrum
696 1853 950 1904 priapeorum
981 1852 1126 1893 librum
1157 1852 1360 1905 opusculis
1380 1851 1616 1904 Vergilianis

101 1918 334 1972 quibusdam
366 1920 459 1972 (non
488 1924 619 1958 tamen
651 1919 848 1964 catalectis
880 1931 980 1971 quae
1010 1920 1125 1972 vulgo
1157 1919 1352 1971 dicuntur)
1375 1922 1416 1960 in
1447 1920 1531 1959 solo
1553 1933 1619 1959 co-

101 1987 186 2026 dice
223 1988 260 2027 V
286 1987 458 2038 repperi,
490 1999 562 2026 nec
593 1988 674 2026 scio
704 1989 745 2026 in
775 1987 915 2040 quibus
944 1988 1056 2028 libris
1086 1989 1238 2028 Maroni
1268 1988 1375 2028 lusus
1404 1987 1462 2027 illi
1492 1989 1619 2028 vario-

101 2066 190 2094 rum
228 2053 468 2094 tribuantur:
516 2054 585 2094 sed
626 2060 788 2106 possunt
823 2056 927 2095 inter
964 2056 1036 2095 hos
1075 2067 1230 2108 quoque
1271 2069 1358 2095 esse
1387 2056 1618 2095 Maroniani.

102 2134 191 2161 nam
230 2121 442 2161 versiculos
482 2125 662 2162 ‘severos
698 2124 883 2173 parum',
926 2129 966 2162 ut
1003 2135 1140 2162 omnes
1178 2123 1261 2162 fere
1300 2122 1415 2175 paulo
1446 2122 1621 2163 laetioris

100 2190 248 2241 ingenii
277 2189 456 2228 homines
477 2188 684 2235 Romanos,
718 2189 931 2241 Vergilium
962 2202 1120 2243 quoque
1151 2190 1293 2230 fecisse
1322 2190 1488 2230 idoneus
1508 2190 1620 2230 testis

103 2262 162 2296 est
179 2255 340 2307 Plinius
371 2256 482 2308 epist.
518 2258 546 2296 V
576 2255 614 2302 3,
645 2255 690 2296 6:
723 2246 848 2296 ‘inter
880 2270 978 2309 quos
1008 2260 1069 2298 vel
1096 2259 1320 2308 praecipue
1349 2257 1618 2298 numerandus

105 2328 163 2362 est
201 2324 243 2362 P.
276 2321 491 2374 Vergilius,
525 2323 730 2363 Cornelius
770 2324 918 2376 Nepos,
965 2330 1003 2364 et
1039 2326 1150 2376 prius
1187 2325 1313 2365 Attius
1350 2325 1618 2376 Enniusque'.

104 2395 142 2429 et
172 2389 262 2428 huic
298 2391 374 2441 ipsi
411 2389 607 2429 lasciviori
638 2391 789 2437 Musae,
829 2392 890 2431 cui
920 2393 961 2431 in
991 2391 1096 2431 dulci
1126 2394 1283 2433 iuventa
1312 2392 1494 2439 indulsit,
1536 2392 1620 2432 vale

104 2457 197 2495 dicit
226 2462 341 2508 poeta
371 2458 411 2496 in
441 2457 670 2498 choliambis
692 2457 815 2510 (catal.
839 2459 931 2511 Vll),
965 2459 1107 2510 quibus
1128 2460 1280 2500 Sironis
1302 2461 1481 2511 magistri
1502 2461 1618 2500 disci-

103 2523 247 2576 plinam
286 2525 526 2576 auspicatur,
569 2537 602 2563 v.
637 2524 686 2564 11
717 2538 802 2577 sqq.
862 2526 960 2567 tales
997 2527 1114 2579 igitur
1152 2529 1313 2568 suerunt
1348 2541 1442 2581 quas
1476 2530 1618 2579 prolu-

101 2595 232 2632 siones
260 2591 469 2632 Diomedes
499 2592 593 2632 dicit
621 2594 700 2633 sive
730 2595 813 2646 ipse
843 2596 953 2646 quasi
974 2595 1186 2635 excusandi
1215 2596 1459 2647 pudicissimi
1478 2602 1619 2648 poetae

103 2671 219 2699 causa
249 2658 449 2699 substituit
479 2660 554 2699 hoc
585 2672 727 2700 nomen
757 2664 982 2703 catalecton
1012 2662 1073 2702 vel
1104 2662 1170 2702 alii
1200 2662 1313 2703 titulo
1335 2663 1616 2717 opusculorum

106 2722 414 2778 Vergiliauor'um
445 2729 644 2767 communi
675 2729 754 2768 sive
784 2730 824 2768 in
855 2730 1015 2780 antiquo
1047 2731 1190 2770 borum
1219 2731 1433 2782 exemplari
1455 2731 1513 2770 vel
1537 2733 1615 2783 epi—

104 2799 315 2845 grammata
353 2794 434 2835 sola
472 2795 532 2834 vel
570 2797 764 2848 integram
803 2796 979 2851 syllogen
1017 2799 1074 2837 sic
1104 2799 1331 2852 inscriptam
1362 2799 1467 2852 legit.
1528 2812 1617 2857 nam
