1884 3126
235 182 289 222 56
822 194 1150 222 PROLEGOMENON

347 304 480 343 Restat
516 310 558 342 ut
594 305 793 355 promittat
831 305 1057 342 memoriam
1099 315 1170 342 nec
1201 303 1347 354 praedii
1377 315 1448 341 nec
1478 303 1618 354 Lydiae
1650 315 1730 342 um-

236 383 350 422 quam
380 370 454 409 sibi
484 372 712 410 morituram
744 383 848 416 esse,
881 371 1055 421 quamvis
1085 381 1175 408 rura
1206 369 1286 419 igni
1318 367 1374 406 vel
1404 380 1502 418 aqua
1533 368 1731 419 deperdita

237 438 401 483 fuerint,
440 437 625 489 quidquid
663 437 710 475 dc
740 437 862 487 Lydia
894 437 1066 475 futurum
1099 436 1224 474 fucrit.
1285 446 1328 473 ac
1359 434 1406 473 de
1437 434 1551 486 Lydia
1582 434 1730 473 intelle-

237 503 384 554 gendos
431 516 516 542 csse
563 515 593 542 v.
627 501 819 542 97—101
864 502 954 540 inde
992 507 1150 553 apparet
1188 500 1291 550 quod
1331 501 1477 545 omnia,
1517 501 1584 544 ait,
1626 502 1732 551 prius

238 571 364 609 sutura
388 574 512 614 erunt,
545 572 555 590 ‘
570 581 685 620 quam
708 574 770 608 tua
793 569 839 607 de
861 570 1005 608 nostris
1027 570 1191 619 emigret
1210 579 1311 607 cura
1334 566 1533 606 medullis'
1558 567 1601 616 (v.
1629 565 1730 616 101).

238 649 326 676 nam
356 648 496 676 curam
527 635 639 686 agelli
670 637 737 686 qui
767 634 910 674 habere
941 640 1111 686 poterat,
1154 647 1269 686 quem
1300 635 1382 685 ipse
1414 633 1523 672 malis
1554 633 1733 672 omnibus

240 702 459 742 tradidisset
489 707 526 741 et
562 700 734 741 funditus
771 700 1013 752 pessumdari
1054 700 1255 739 voluisset?
1306 706 1439 739 contra
1478 711 1575 749 quae
1605 700 1733 738 statim

238 770 278 808 iu
310 770 492 808 extremis
523 767 768 823 subiciuntur
800 780 831 806 v,
869 765 947 806 102
976 780 1033 818 sq.

440 859 599 906 quamvis
630 859 724 906 ignis
756 859 837 899 eris,
870 859 1028 905 quamvis
1059 869 1159 905 aqua,
1180 869 1334 905 ‚semper
1364 857 1508 893 amabo:

441 914 569 961 gaudia
601 924 741 965 semper
772 914 863 948 enim
896 919 954 949 tua
986 925 1040 949 me
1070 914 1273 949 meminisse
1304 912 1425 949 licebit

242 1002 378 1040 merito
411 1001 657 1039 Hcrmannus
697 998 858 1038 ridicula
891 999 972 1038 sore
1002 999 1201 1043 iudicavit,
1239 1000 1271 1038 si
1302 998 1350 1036 de
1381 998 1507 1048 puella
1538 997 1735 1048 intellege-

242 1072 387 1111 rentur,
419 1068 538 1105 immo
571 1065 691 1104 multo
722 1067 848 1117 aptius
880 1066 927 1104 de
959 1077 1051 1116 agro
1084 1066 1172 1104 dici.
1221 1077 1335 1116 quam
1368 1065 1553 1103 rationem
1585 1069 1737 1102 secutus

243 1133 477 1172 Goebbelius
508 1146 544 1184 p.
576 1131 602 1171 5
641 1132 815 1171 adiunxit
854 1133 924 1170 lios
961 1131 1057 1170 duos
1097 1132 1309 1171 versiculos
1339 1130 1384 1169 ad
1419 1143 1449 1168 v,
1482 1128 1554 1174 90,
1596 1129 1660 1168 ubi
1692 1129 1735 1168 ad

242 1200 523 1239 sententiarum
556 1204 730 1238 tenorem
762 1199 854 1237 satis
885 1198 984 1237 bene
1015 1198 1217 1249 quadrant.

354 1265 429 1305 Sed
467 1265 512 1305 ad
543 1264 700 1315 Lydiam
738 1277 836 1315 quae
874 1269 1050 1315 spectant
1079 1263 1212 1302 mutila
1245 1276 1330 1302 esse
1361 1275 1406 1301 eo
1437 1275 1590 1314 quoque
1622 1264 1738 1320 yersi-

244 1331 331 1372 culo
363 1333 663 1378 demonstratur,
695 1332 761 1382 qui
791 1343 879 1370 cum
911 1343 955 1369 ex
987 1329 1164 1368 omnibus
1196 1329 1443 1368 difficillimus
1473 1330 1542 1374 sit,
1575 1329 1739 1380 simplici
1799 1350 1803 1354 -

244 1413 288 1438 ac
320 1397 512 1450 probabili
543 1398 705 1437 artificio
737 1396 840 1436 nullo
871 1397 917 1435 ad
949 1396 1142 1448 reliquum
1175 1401 1320 1435 textum
1352 1395 1502 1434 videtur
1523 1407 1738 1435 accommo-

245 1466 328 1504 dari
358 1477 472 1517 posse
503 1477 534 1502 v.
567 1462 620 1503 96
1426 1452 1443 1463 ⁴

511 1545 582 1579 sive
613 1545 682 1579 eris
713 1548 747 1579 et
779 1544 808 1579 si
840 1554 910 1578 non
943 1553 1078 1579 mecum
1110 1543 1272 1578 morieris
1303 1547 1508 1589 utrumque.

246 1643 363 1682 quem
396 1635 437 1669 ut
467 1630 593 1681 aliquo
626 1629 740 1668 modo
772 1629 982 1681 explicaret
1003 1628 1171 1668 Naekius
1203 1627 1399 1678 Scaligcro
1430 1627 1528 1666 (lucc
1555 1626 1742 1677 singulari

247 1698 434 1737 brevitate
466 1709 575 1735 usum
609 1707 693 1734 esse
723 1700 877 1746 poetam
907 1696 1051 1739 statuit,
1085 1695 1315 1733 sententiam
1347 1698 1474 1732 autem
1507 1692 1621 1732 talem
1652 1704 1741 1744 pro-

246 1764 392 1816 posuit:
425 1763 524 1801 ε,ςὶυε
552 1763 644 1809 eris,
679 1773 833 1799 mecum
865 1762 952 1808 eris,
984 1760 1075 1799 licet
1105 1760 1264 1804 absens;
1297 1762 1377 1799 sive
1405 1771 1483 1798 non
1513 1761 1603 1808 eris,
1639 1759 1673 1797 h.
1698 1771 1740 1797 ·e.

249 1831 325 1869 sive
355 1834 507 1868 mortua
538 1828 635 1872 eris,
666 1839 814 1867 mecum
844 1829 1045 1866 morieris:
1082 1826 1118 1864 id
1152 1831 1210 1865 est
1241 1837 1316 1864 non
1349 1827 1425 1864 eris
1455 1830 1607 1864 mortua
1638 1830 1742 1864 ante-

249 1908 361 1946 quam
404 1907 475 1945 ego
506 1894 698 1937 moriar;'
738 1892 795 1931 vel
834 1896 1066 1942 ‘utrumque
1096 1893 1177 1930 viva
1208 1899 1246 1930 et
1276 1897 1424 1930 mortua
1456 1903 1608 1930 mecum
1639 1892 1741 1930 eris?

250 1972 481 2012 quamquam
514 1961 688 2011 opposita
723 1960 826 1998 inter
855 1971 896 1997 se
936 1961 1037 1998 ‘sive
1071 1954 1186 1997 -—”et
1214 1960 1268 1996 si’
1308 1959 1394 2008 ipse
1423 1958 1565 1996 fatetur
1595 1970 1636 1995 se
1667 1970 1742 1996 non

250 2027 395 2067 habere
439 2038 514 2076 quo
554 2024 731 2077 exemplo
771 2024 1010 2076 comprobet.
1072 2022 1448 2074 nec-exemplorum
1488 2022 1693 2062 admodum
1724 2037 1743 2062 a

250 2099 382 2132 nostro
412 2092 628 2132 alienorum
659 2091 762 2131 nube
793 2091 886 2130 mihi
916 2091 1106 2142 persuasit
1135 2090 1428 2138 utrumquesic
1456 2090 1493 2127 in
1516 2089 1601 2128 talis
1622 2101 1743 2128 enun-

252 2161 331 2199 tiati
375 2160 449 2197 fine
495 2159 661 2210 positum
705 2157 763 2196 vel
802 2156 958 2196 tolerari
996 2169 1120 2207 posse.
1181 2168 1230 2194 ne
1268 2167 1445 2194 moneam
1486 2156 1586 2205 quod
1626 2156 1746 2206 quivis

252 2227 368 2266 sentit
412 2226 643 2264 sententiam
687 2225 810 2275 ipsam
857 2224 947 2262 satis
985 2223 1139 2261 inanem
1182 2227 1296 2271 atque
1333 2222 1501 2272 ineptam
1541 2233 1642 2260 esse:
1688 2223 1745 2259 in-

252 2298 382 2343 eptum
415 2292 518 2330 enim
549 2290 635 2328 dico
667 2289 768 2341 quod
799 2293 903 2328 tanta
935 2301 1012 2327 non
1045 2287 1250 2331 brevitate,
1293 2287 1358 2326 sed
1389 2288 1549 2325 infantia
1579 2299 1661 2326 esse
1690 2287 1745 2325 di-

253 2360 352 2397 citur
389 2358 455 2408 qui
492 2367 658 2407 corpore
698 2356 802 2399 vivit,
840 2360 1016 2394 mortuus
1053 2355 1165 2392 cuius
1203 2354 1389 2392 memoria
1420 2354 1591 2397 evanuit,
1632 2365 1745 2404 quani

253 2410 509 2462 immortalem
555 2423 669 2461 etiam
713 2425 799 2472 post
843 2432 951 2459 suam
997 2425 1162 2458 mortem
1201 2420 1372 2458 carmine
1409 2418 1574 2457 reddere
1611 2423 1746 2469 poetae

254 2495 347 2529 erat.
405 2489 472 2528 sed
503 2487 619 2527 verba
648 2489 730 2538 ipsa
761 2499 848 2532 cum
880 2488 964 2525 sine
995 2485 1070 2524 ulla
1101 2491 1165 2524 aut
1195 2486 1377 2524 varietate
1407 2491 1474 2524 aut
1503 2484 1747 2535 corruptelae

254 2544 389 2594 umbra
420 2556 475 2594 sic
504 2560 546 2593 ut
577 2553 688 2604 vulgo
719 2553 898 2591 feruntur
929 2553 967 2590 in
998 2551 1109 2590 libris
1139 2551 1278 2590 tradita
1308 2552 1385 2590 sint
1423 2551 1509 2593 (nisi
1539 2551 1641 2602 quod
1670 2562 1746 2589 me-

253 2634 342 2662 cum
380 2633 454 2659 orn.
493 2619 735 2659 Monacensis
777 2620 857 2667 W),
905 2617 1097 2657 mutandis
1139 2616 1321 2656 litterulis
1365 2616 1424 2655 vel
1461 2616 1615 2669 syllabis
1655 2616 1747 2654 nihil

255 2688 493 2739 proficimus.
555 2685 725 2724 mutilam
772 2685 1002 2723 sententiam
1048 2695 1134 2722 esse
1178 2688 1216 2722 et
1257 2683 1418 2734 periisse
1456 2682 1661 2733 quaedam,
1708 2687 1749 2721 ut

254 2758 361 2793 recte
392 2752 607 2802 suspicatur
629 2750 876 2793 Goebbelius,
909 2749 964 2788 vel
998 2762 1043 2789 eo
1074 2748 1274 2800 probabile
1305 2749 1357 2793 sit,
1389 2748 1490 2799 quod
1510 2749 1622 2786 inter
1652 2748 1748 2786 duos

255 2832 393 2860 versus
422 2815 671 2858 intercalares
693 2814 746 2857 95
776 2823 814 2856 et
842 2814 893 2855 97
923 2816 985 2855 hic
1017 2828 1116 2855 unus
1145 2815 1260 2855 modo
1290 2813 1501 2854 versiculus
1530 2814 1747 2853 intercedit.
