<?xml version="1.0" encoding="UTF-8"?>
<!DOCTYPE html PUBLIC "-//W3C//DTD XHTML 1.0 Transitional//EN"
    "http://www.w3.org/TR/xhtml1/DTD/xhtml1-transitional.dtd">
<html xmlns="http://www.w3.org/1999/xhtml" xml:lang="en" lang="en">
 <head>
  <title>
</title>
<meta http-equiv="Content-Type" content="text/html;charset=utf-8" />
  <meta name='ocr-system' content='tesseract 3.04.00' />
  <meta name='ocr-capabilities' content='ocr_page ocr_carea ocr_par ocr_line ocrx_word'/>
</head>
<body>
  <div class='ocr_page' id='page_1' title='image "./operavirg04virguoft_0078.png"; bbox 0 0 1884 3126; ppageno 0'>
   <div class='ocr_carea' id='block_1_1' title="bbox 268 194 1185 238">
    <p class='ocr_par' dir='ltr' id='par_1_1' title="bbox 268 194 1185 238">
     <span class='ocr_line' id='line_1_1' title="bbox 268 194 1185 238; baseline 0.003 -3"><span class='ocrx_word' id='word_1_1' title='bbox 268 194 321 236; x_wconf 85' lang='lat'><strong>58</strong></span> <span class='ocrx_word' id='word_1_2' title='bbox 843 211 1185 238; x_wconf 76' lang='lat' dir='ltr'><strong>PROLEGOMENON.</strong></span> 
     </span>
    </p>
   </div>
   <div class='ocr_carea' id='block_1_2' title="bbox 266 317 1762 1231">
    <p class='ocr_par' dir='ltr' id='par_1_2' title="bbox 266 317 1762 1231">
     <span class='ocr_line' id='line_1_2' title="bbox 270 317 1758 370; baseline 0.001 -15"><span class='ocrx_word' id='word_1_3' title='bbox 270 317 493 356; x_wconf 81' lang='lat' dir='ltr'><strong>distinxisse</strong></span> <span class='ocrx_word' id='word_1_4' title='bbox 531 318 678 357; x_wconf 87' lang='lat' dir='ltr'><strong>videtur</strong></span> <span class='ocrx_word' id='word_1_5' title='bbox 711 324 748 357; x_wconf 89' lang='lat' dir='ltr'><strong>et</strong></span> <span class='ocrx_word' id='word_1_6' title='bbox 784 319 976 358; x_wconf 76' lang='lat' dir='ltr'><strong>transiluit</strong></span> <span class='ocrx_word' id='word_1_7' title='bbox 1006 332 1025 358; x_wconf 90' lang='lat' dir='ltr'><strong>a</strong></span> <span class='ocrx_word' id='word_1_8' title='bbox 1059 332 1090 358; x_wconf 89' lang='grc' dir='ltr'><strong>ν.</strong></span> <span class='ocrx_word' id='word_1_9' title='bbox 1124 318 1176 358; x_wconf 88' lang='grc'><strong>99</strong></span> <span class='ocrx_word' id='word_1_10' title='bbox 1206 320 1251 359; x_wconf 88' lang='lat' dir='ltr'><strong>ad</strong></span> <span class='ocrx_word' id='word_1_11' title='bbox 1286 318 1365 358; x_wconf 87' lang='lat'><strong>104</strong></span> <span class='ocrx_word' id='word_1_12' title='bbox 1402 320 1586 370; x_wconf 81' lang='lat' dir='ltr'><strong>neglectis</strong></span> <span class='ocrx_word' id='word_1_13' title='bbox 1623 320 1758 359; x_wconf 82' lang='lat' dir='ltr'><strong>mediis</strong></span> 
     </span>
     <span class='ocr_line' id='line_1_3' title="bbox 270 383 1758 437; baseline 0.002 -15"><span class='ocrx_word' id='word_1_14' title='bbox 270 389 307 422; x_wconf 92' lang='lat' dir='ltr'><strong>et</strong></span> <span class='ocrx_word' id='word_1_15' title='bbox 336 385 376 422; x_wconf 91' lang='lat' dir='ltr'><strong>in</strong></span> <span class='ocrx_word' id='word_1_16' title='bbox 405 384 438 422; x_wconf 92' lang='lat' dir='ltr'><strong>X</strong></span> <span class='ocrx_word' id='word_1_17' title='bbox 470 385 667 423; x_wconf 82' lang='lat' dir='ltr'><strong>exornavit</strong></span> <span class='ocrx_word' id='word_1_18' title='bbox 697 397 728 423; x_wconf 81' lang='lat' dir='ltr'><strong>v,</strong></span> <span class='ocrx_word' id='word_1_19' title='bbox 761 383 831 429; x_wconf 87' lang='lat'><strong>66,</strong></span> <span class='ocrx_word' id='word_1_20' title='bbox 873 398 959 424; x_wconf 89' lang='lat' dir='ltr'><strong>cum</strong></span> <span class='ocrx_word' id='word_1_21' title='bbox 997 384 1050 424; x_wconf 81' lang='lat'><strong>65</strong></span> <span class='ocrx_word' id='word_1_22' title='bbox 1081 385 1257 430; x_wconf 79' lang='lat' dir='ltr'><strong>deberet,</strong></span> <span class='ocrx_word' id='word_1_23' title='bbox 1301 391 1334 424; x_wconf 89' lang='lat' dir='ltr'><strong>et</strong></span> <span class='ocrx_word' id='word_1_24' title='bbox 1366 384 1437 430; x_wconf 81' lang='lat'><strong>42,</strong></span> <span class='ocrx_word' id='word_1_25' title='bbox 1483 399 1571 426; x_wconf 91' lang='lat' dir='ltr'><strong>cum</strong></span> <span class='ocrx_word' id='word_1_26' title='bbox 1611 388 1758 437; x_wconf 88' lang='lat' dir='ltr'><strong>primus</strong></span> 
     </span>
     <span class='ocr_line' id='line_1_4' title="bbox 268 450 1755 501; baseline 0.003 -13"><span class='ocrx_word' id='word_1_27' title='bbox 268 450 381 489; x_wconf 88' lang='lat' dir='ltr'><strong>huius</strong></span> <span class='ocrx_word' id='word_1_28' title='bbox 412 450 594 501; x_wconf 82' lang='lat' dir='ltr'><strong>strophae</strong></span> <span class='ocrx_word' id='word_1_29' title='bbox 631 451 840 490; x_wconf 84' lang='lat' dir='ltr'><strong>versiculus</strong></span> <span class='ocrx_word' id='word_1_30' title='bbox 877 453 916 490; x_wconf 92' lang='lat' dir='ltr'><strong>in</strong></span> <span class='ocrx_word' id='word_1_31' title='bbox 948 452 1020 490; x_wconf 90' lang='lat' dir='ltr'><strong>hoc</strong></span> <span class='ocrx_word' id='word_1_32' title='bbox 1050 457 1092 490; x_wconf 90' lang='lat' dir='ltr'><strong>ut</strong></span> <span class='ocrx_word' id='word_1_33' title='bbox 1122 454 1159 490; x_wconf 93' lang='lat' dir='ltr'><strong>in</strong></span> <span class='ocrx_word' id='word_1_34' title='bbox 1191 452 1371 491; x_wconf 88' lang='lat' dir='ltr'><strong>omnibus</strong></span> <span class='ocrx_word' id='word_1_35' title='bbox 1401 452 1509 491; x_wconf 88' lang='lat' dir='ltr'><strong>libris</strong></span> <span class='ocrx_word' id='word_1_36' title='bbox 1540 453 1755 497; x_wconf 83' lang='lat' dir='ltr'><strong>excidisset,</strong></span> 
     </span>
     <span class='ocr_line' id='line_1_5' title="bbox 270 514 1758 569; baseline 0.002 -15"><span class='ocrx_word' id='word_1_37' title='bbox 270 521 306 555; x_wconf 88' lang='lat' dir='ltr'><strong>et</strong></span> <span class='ocrx_word' id='word_1_38' title='bbox 329 528 361 554; x_wconf 88' lang='lat' dir='ltr'><strong>v.</strong></span> <span class='ocrx_word' id='word_1_39' title='bbox 385 514 434 555; x_wconf 86' lang='lat'><strong>16</strong></span> <span class='ocrx_word' id='word_1_40' title='bbox 463 529 534 568; x_wconf 90' lang='lat' dir='ltr'><strong>pro</strong></span> <span class='ocrx_word' id='word_1_41' title='bbox 558 515 621 556; x_wconf 85' lang='lat'><strong>13.</strong></span> <span class='ocrx_word' id='word_1_42' title='bbox 683 522 796 568; x_wconf 87' lang='lat' dir='ltr'><strong>atque</strong></span> <span class='ocrx_word' id='word_1_43' title='bbox 826 517 888 556; x_wconf 89' lang='lat' dir='ltr'><strong>hic</strong></span> <span class='ocrx_word' id='word_1_44' title='bbox 918 519 1080 556; x_wconf 86' lang='lat' dir='ltr'><strong>sortasse</strong></span> <span class='ocrx_word' id='word_1_45' title='bbox 1112 519 1256 557; x_wconf 88' lang='lat' dir='ltr'><strong>erroris</strong></span> <span class='ocrx_word' id='word_1_46' title='bbox 1287 531 1401 558; x_wconf 87' lang='lat' dir='ltr'><strong>causa</strong></span> <span class='ocrx_word' id='word_1_47' title='bbox 1433 519 1506 557; x_wconf 83' lang='lat' dir='ltr'><strong>fuit</strong></span> <span class='ocrx_word' id='word_1_48' title='bbox 1536 531 1556 557; x_wconf 89' lang='lat' dir='ltr'><strong>e</strong></span> <span class='ocrx_word' id='word_1_49' title='bbox 1587 520 1758 569; x_wconf 84' lang='lat' dir='ltr'><strong>margine</strong></span> 
     </span>
     <span class='ocr_line' id='line_1_6' title="bbox 267 582 1757 636; baseline 0.003 -16"><span class='ocrx_word' id='word_1_50' title='bbox 267 582 409 622; x_wconf 87' lang='lat' dir='ltr'><strong>inlatus</strong></span> <span class='ocrx_word' id='word_1_51' title='bbox 443 595 472 621; x_wconf 84' lang='lat' dir='ltr'><strong>v.</strong></span> <span class='ocrx_word' id='word_1_52' title='bbox 508 582 575 630; x_wconf 83' lang='lat'><strong>17,</strong></span> <span class='ocrx_word' id='word_1_53' title='bbox 623 585 687 634; x_wconf 90' lang='lat' dir='ltr'><strong>qui</strong></span> <span class='ocrx_word' id='word_1_54' title='bbox 732 583 833 634; x_wconf 91' lang='lat' dir='ltr'><strong>quod</strong></span> <span class='ocrx_word' id='word_1_55' title='bbox 871 585 908 622; x_wconf 86' lang='lat' dir='ltr'><strong>in</strong></span> <span class='ocrx_word' id='word_1_56' title='bbox 940 585 978 622; x_wconf 92' lang='lat' dir='ltr'><em>B</em></span> <span class='ocrx_word' id='word_1_57' title='bbox 1008 589 1096 622; x_wconf 87' lang='lat' dir='ltr'><strong>ante</strong></span> <span class='ocrx_word' id='word_1_58' title='bbox 1129 582 1178 623; x_wconf 88' lang='grc'><strong>16</strong></span> <span class='ocrx_word' id='word_1_59' title='bbox 1223 584 1380 634; x_wconf 82' lang='lat' dir='ltr'><strong>legitur,</strong></span> <span class='ocrx_word' id='word_1_60' title='bbox 1429 586 1620 634; x_wconf 90' lang='lat' dir='ltr'><strong>spurium,</strong></span> <span class='ocrx_word' id='word_1_61' title='bbox 1669 597 1757 636; x_wconf 81' lang='lat' dir='ltr'><strong>qua·</strong></span> 
     </span>
     <span class='ocr_line' id='line_1_7' title="bbox 266 648 1758 702; baseline 0.001 -15"><span class='ocrx_word' id='word_1_62' title='bbox 266 649 342 687; x_wconf 91' lang='lat' dir='ltr'><strong>lem</strong></span> <span class='ocrx_word' id='word_1_63' title='bbox 375 648 464 687; x_wconf 90' lang='lat' dir='ltr'><strong>olim</strong></span> <span class='ocrx_word' id='word_1_64' title='bbox 495 650 712 700; x_wconf 85' lang='lat' dir='ltr'><strong>suspicatus</strong></span> <span class='ocrx_word' id='word_1_65' title='bbox 741 662 836 694; x_wconf 89' lang='lat' dir='ltr'><strong>sum,</strong></span> <span class='ocrx_word' id='word_1_66' title='bbox 869 652 952 700; x_wconf 89' lang='lat' dir='ltr'><strong>ipse</strong></span> <span class='ocrx_word' id='word_1_67' title='bbox 983 663 1024 689; x_wconf 87' lang='lat' dir='ltr'><strong>se</strong></span> <span class='ocrx_word' id='word_1_68' title='bbox 1054 651 1194 701; x_wconf 84' lang='lat' dir='ltr'><strong>prodit.</strong></span> <span class='ocrx_word' id='word_1_69' title='bbox 1247 656 1360 700; x_wconf 90' lang='lat' dir='ltr'><strong>atque</strong></span> <span class='ocrx_word' id='word_1_70' title='bbox 1390 652 1429 689; x_wconf 90' lang='lat' dir='ltr'><strong>in</strong></span> <span class='ocrx_word' id='word_1_71' title='bbox 1453 656 1584 690; x_wconf 85' lang='lat' dir='ltr'><strong>nostro</strong></span> <span class='ocrx_word' id='word_1_72' title='bbox 1607 662 1758 702; x_wconf 89' lang='lat' dir='ltr'><strong>quoque</strong></span> 
     </span>
     <span class='ocr_line' id='line_1_8' title="bbox 266 715 1758 768; baseline 0.001 -15"><span class='ocrx_word' id='word_1_73' title='bbox 266 715 402 768; x_wconf 87' lang='lat' dir='ltr'><strong>idyllio</strong></span> <span class='ocrx_word' id='word_1_74' title='bbox 434 717 699 766; x_wconf 86' lang='lat' dir='ltr'><strong>unusquisque</strong></span> <span class='ocrx_word' id='word_1_75' title='bbox 729 715 917 766; x_wconf 84' lang='lat' dir='ltr'><strong>intellegit</strong></span> <span class='ocrx_word' id='word_1_76' title='bbox 947 718 1086 756; x_wconf 84' lang='lat' dir='ltr'><strong>veteris</strong></span> <span class='ocrx_word' id='word_1_77' title='bbox 1118 717 1377 768; x_wconf 83' lang='lat' dir='ltr'><strong>dispositionis</strong></span> <span class='ocrx_word' id='word_1_78' title='bbox 1408 718 1516 766; x_wconf 87' lang='lat' dir='ltr'><strong>signa</strong></span> <span class='ocrx_word' id='word_1_79' title='bbox 1547 728 1623 755; x_wconf 87' lang='lat' dir='ltr'><strong>non</strong></span> <span class='ocrx_word' id='word_1_80' title='bbox 1647 729 1758 768; x_wconf 89' lang='lat' dir='ltr'><strong>posse</strong></span> 
     </span>
     <span class='ocr_line' id='line_1_9' title="bbox 268 781 1759 834; baseline 0.001 -14"><span class='ocrx_word' id='word_1_81' title='bbox 268 783 394 820; x_wconf 87' lang='lat' dir='ltr'><strong>omnia</strong></span> <span class='ocrx_word' id='word_1_82' title='bbox 426 787 573 820; x_wconf 84' lang='lat' dir='ltr'><strong>servata</strong></span> <span class='ocrx_word' id='word_1_83' title='bbox 606 794 701 825; x_wconf 86' lang='lat' dir='ltr'><strong>esse,</strong></span> <span class='ocrx_word' id='word_1_84' title='bbox 735 782 799 820; x_wconf 88' lang='lat' dir='ltr'><strong>sed</strong></span> <span class='ocrx_word' id='word_1_85' title='bbox 832 781 940 833; x_wconf 81' lang='lat' dir='ltr'><strong>plura</strong></span> <span class='ocrx_word' id='word_1_86' title='bbox 971 785 1011 821; x_wconf 89' lang='lat' dir='ltr'><strong>in</strong></span> <span class='ocrx_word' id='word_1_87' title='bbox 1042 783 1253 834; x_wconf 82' lang='lat' dir='ltr'><strong>archetypo</strong></span> <span class='ocrx_word' id='word_1_88' title='bbox 1284 784 1418 827; x_wconf 83' lang='lat' dir='ltr'><strong>fuisse,</strong></span> <span class='ocrx_word' id='word_1_89' title='bbox 1451 782 1566 821; x_wconf 84' lang='lat' dir='ltr'><strong>nohis</strong></span> <span class='ocrx_word' id='word_1_90' title='bbox 1594 784 1670 821; x_wconf 89' lang='lat' dir='ltr'><strong>iam</strong></span> <span class='ocrx_word' id='word_1_91' title='bbox 1701 795 1759 821; x_wconf 90' lang='lat' dir='ltr'><strong>se-</strong></span> 
     </span>
     <span class='ocr_line' id='line_1_10' title="bbox 268 846 1757 900; baseline 0.001 -14"><span class='ocrx_word' id='word_1_92' title='bbox 268 846 435 886; x_wconf 88' lang='lat' dir='ltr'><strong>cundum</strong></span> <span class='ocrx_word' id='word_1_93' title='bbox 468 861 532 887; x_wconf 88' lang='lat' dir='ltr'><strong>eas</strong></span> <span class='ocrx_word' id='word_1_94' title='bbox 562 850 741 893; x_wconf 82' lang='lat' dir='ltr'><strong>rationes,</strong></span> <span class='ocrx_word' id='word_1_95' title='bbox 776 860 868 899; x_wconf 90' lang='lat' dir='ltr'><strong>quas</strong></span> <span class='ocrx_word' id='word_1_96' title='bbox 891 849 1313 900; x_wconf 65' lang='lat' dir='ltr'><strong>supra‘explicavinms,</strong></span> <span class='ocrx_word' id='word_1_97' title='bbox 1347 849 1594 899; x_wconf 85' lang='lat' dir='ltr'><strong>restituenda.</strong></span> <span class='ocrx_word' id='word_1_98' title='bbox 1647 861 1757 900; x_wconf 89' lang='lat' dir='ltr'><strong>prae-</strong></span> 
     </span>
     <span class='ocr_line' id='line_1_11' title="bbox 268 914 1758 964; baseline 0.002 -13"><span class='ocrx_word' id='word_1_99' title='bbox 268 921 370 952; x_wconf 85' lang='lat' dir='ltr'><strong>terea</strong></span> <span class='ocrx_word' id='word_1_100' title='bbox 409 919 535 953; x_wconf 89' lang='lat' dir='ltr'><strong>autem</strong></span> <span class='ocrx_word' id='word_1_101' title='bbox 575 915 606 951; x_wconf 88' lang='lat' dir='ltr'><strong>si</strong></span> <span class='ocrx_word' id='word_1_102' title='bbox 637 927 707 964; x_wconf 92' lang='lat' dir='ltr'><strong>per</strong></span> <span class='ocrx_word' id='word_1_103' title='bbox 737 914 984 964; x_wconf 83' lang='lat' dir='ltr'><strong>stropharum</strong></span> <span class='ocrx_word' id='word_1_104' title='bbox 1023 915 1187 954; x_wconf 81' lang='lat' dir='ltr'><strong>ambitus</strong></span> <span class='ocrx_word' id='word_1_105' title='bbox 1219 915 1428 954; x_wconf 86' lang='lat' dir='ltr'><strong>decurrere</strong></span> <span class='ocrx_word' id='word_1_106' title='bbox 1460 927 1614 954; x_wconf 87' lang='lat' dir='ltr'><strong>carmen</strong></span> <span class='ocrx_word' id='word_1_107' title='bbox 1647 927 1758 959; x_wconf 84' lang='lat' dir='ltr'><strong>suum</strong></span> 
     </span>
     <span class='ocr_line' id='line_1_12' title="bbox 268 979 1759 1031; baseline 0.001 -13"><span class='ocrx_word' id='word_1_108' title='bbox 268 980 419 1019; x_wconf 79' lang='lat' dir='ltr'><strong>volebat</strong></span> <span class='ocrx_word' id='word_1_109' title='bbox 455 986 587 1031; x_wconf 88' lang='lat' dir='ltr'><strong>poeta,</strong></span> <span class='ocrx_word' id='word_1_110' title='bbox 630 981 743 1018; x_wconf 90' lang='lat' dir='ltr'><strong>nimis</strong></span> <span class='ocrx_word' id='word_1_111' title='bbox 780 979 888 1019; x_wconf 87' lang='lat' dir='ltr'><strong>brevi</strong></span> <span class='ocrx_word' id='word_1_112' title='bbox 925 981 1126 1020; x_wconf 88' lang='lat' dir='ltr'><strong>intervallo</strong></span> <span class='ocrx_word' id='word_1_113' title='bbox 1164 993 1297 1020; x_wconf 84' lang='lat' dir='ltr'><strong>versus</strong></span> <span class='ocrx_word' id='word_1_114' title='bbox 1335 981 1531 1020; x_wconf 80' lang='lat' dir='ltr'><strong>dumtaxat</strong></span> <span class='ocrx_word' id='word_1_115' title='bbox 1559 979 1612 1020; x_wconf 83' lang='lat'><strong>95</strong></span> <span class='ocrx_word' id='word_1_116' title='bbox 1643 986 1680 1019; x_wconf 90' lang='lat' dir='ltr'><strong>et</strong></span> <span class='ocrx_word' id='word_1_117' title='bbox 1709 979 1759 1019; x_wconf 86' lang='lat'><strong>97</strong></span> 
     </span>
     <span class='ocr_line' id='line_1_13' title="bbox 266 1046 1758 1098; baseline 0.001 -14"><span class='ocrx_word' id='word_1_118' title='bbox 266 1049 366 1084; x_wconf 84' lang='lat' dir='ltr'><strong>inter</strong></span> <span class='ocrx_word' id='word_1_119' title='bbox 397 1059 438 1084; x_wconf 89' lang='lat' dir='ltr'><strong>se</strong></span> <span class='ocrx_word' id='word_1_120' title='bbox 469 1047 623 1091; x_wconf 86' lang='lat' dir='ltr'><strong>distant,</strong></span> <span class='ocrx_word' id='word_1_121' title='bbox 648 1051 691 1085; x_wconf 91' lang='lat' dir='ltr'><strong>ut</strong></span> <span class='ocrx_word' id='word_1_122' title='bbox 721 1046 821 1097; x_wconf 88' lang='lat' dir='ltr'><strong>quod</strong></span> <span class='ocrx_word' id='word_1_123' title='bbox 854 1046 1060 1086; x_wconf 84' lang='lat' dir='ltr'><strong>verborum</strong></span> <span class='ocrx_word' id='word_1_124' title='bbox 1093 1047 1327 1086; x_wconf 82' lang='lat' dir='ltr'><strong>obscuritate</strong></span> <span class='ocrx_word' id='word_1_125' title='bbox 1358 1049 1492 1086; x_wconf 88' lang='lat' dir='ltr'><strong>moniti</strong></span> <span class='ocrx_word' id='word_1_126' title='bbox 1523 1060 1638 1098; x_wconf 88' lang='lat' dir='ltr'><strong>supra</strong></span> <span class='ocrx_word' id='word_1_127' title='bbox 1669 1059 1758 1086; x_wconf 91' lang='lat' dir='ltr'><strong>con-</strong></span> 
     </span>
     <span class='ocr_line' id='line_1_14' title="bbox 266 1114 1762 1164; baseline 0 -13"><span class='ocrx_word' id='word_1_128' title='bbox 266 1114 426 1152; x_wconf 89' lang='lat' dir='ltr'><strong>iecimus</strong></span> <span class='ocrx_word' id='word_1_129' title='bbox 471 1118 577 1152; x_wconf 86' lang='lat' dir='ltr'><strong>certo</strong></span> <span class='ocrx_word' id='word_1_130' title='bbox 616 1114 730 1152; x_wconf 89' lang='lat' dir='ltr'><strong>etiam</strong></span> <span class='ocrx_word' id='word_1_131' title='bbox 769 1115 1088 1163; x_wconf 81' lang='lat' dir='ltr'><strong>praestantissimi</strong></span> <span class='ocrx_word' id='word_1_132' title='bbox 1128 1114 1271 1152; x_wconf 89' lang='lat' dir='ltr'><strong>codicis</strong></span> <span class='ocrx_word' id='word_1_133' title='bbox 1312 1118 1503 1164; x_wconf 70' lang='lat' dir='ltr'><strong>tamquam</strong></span> <span class='ocrx_word' id='word_1_134' title='bbox 1544 1114 1762 1152; x_wconf 87' lang='lat' dir='ltr'><strong>testimonio</strong></span> 
     </span>
     <span class='ocr_line' id='line_1_15' title="bbox 266 1168 1446 1231; baseline -0.002 -13"><span class='ocrx_word' id='word_1_135' title='bbox 266 1168 528 1224; x_wconf 77' lang='lat' dir='ltr'><strong>confirmatur,</strong></span> <span class='ocrx_word' id='word_1_136' title='bbox 563 1180 783 1219; x_wconf 89' lang='lat' dir='ltr'><strong>necessario</strong></span> <span class='ocrx_word' id='word_1_137' title='bbox 815 1179 938 1218; x_wconf 85' lang='lat' dir='ltr'><strong>media</strong></span> <span class='ocrx_word' id='word_1_138' title='bbox 971 1179 1158 1231; x_wconf 85' lang='lat' dir='ltr'><strong>quaedam</strong></span> <span class='ocrx_word' id='word_1_139' title='bbox 1190 1179 1446 1218; x_wconf 84' lang='lat' dir='ltr'><strong>intercidisse.</strong></span> 
     </span>
    </p>
   </div>
   <div class='ocr_carea' id='block_1_3' title="bbox 266 1312 1773 2158">
    <p class='ocr_par' dir='ltr' id='par_1_3' title="bbox 266 1312 1773 2158">
     <span class='ocr_line' id='line_1_16' title="bbox 378 1312 1760 1362; baseline -0.001 -11"><span class='ocrx_word' id='word_1_140' title='bbox 378 1312 496 1351; x_wconf 91' lang='lat' dir='ltr'><strong>Dubia</strong></span> <span class='ocrx_word' id='word_1_141' title='bbox 534 1325 655 1362; x_wconf 89' lang='lat' dir='ltr'><strong>pauca</strong></span> <span class='ocrx_word' id='word_1_142' title='bbox 693 1317 851 1351; x_wconf 83' lang='lat' dir='ltr'><strong>restant.</strong></span> <span class='ocrx_word' id='word_1_143' title='bbox 916 1314 995 1350; x_wconf 90' lang='lat' dir='ltr'><strong>eius</strong></span> <span class='ocrx_word' id='word_1_144' title='bbox 1034 1313 1135 1350; x_wconf 87' lang='lat' dir='ltr'><strong>enim</strong></span> <span class='ocrx_word' id='word_1_145' title='bbox 1177 1314 1295 1362; x_wconf 82' lang='lat' dir='ltr'><strong>partis</strong></span> <span class='ocrx_word' id='word_1_146' title='bbox 1335 1324 1431 1361; x_wconf 85' lang='lat' dir='ltr'><strong>quae</strong></span> <span class='ocrx_word' id='word_1_147' title='bbox 1472 1312 1518 1350; x_wconf 80' lang='lat' dir='ltr'><strong>(le</strong></span> <span class='ocrx_word' id='word_1_148' title='bbox 1549 1312 1639 1350; x_wconf 90' lang='lat' dir='ltr'><strong>silva</strong></span> <span class='ocrx_word' id='word_1_149' title='bbox 1673 1325 1760 1351; x_wconf 84' lang='lat' dir='ltr'><strong>exe—</strong></span> 
     </span>
     <span class='ocr_line' id='line_1_17' title="bbox 267 1376 1761 1429; baseline -0.001 -11"><span class='ocrx_word' id='word_1_150' title='bbox 267 1378 409 1418; x_wconf 89' lang='lat' dir='ltr'><strong>cranda</strong></span> <span class='ocrx_word' id='word_1_151' title='bbox 447 1383 506 1418; x_wconf 86' lang='lat' dir='ltr'><strong>est</strong></span> <span class='ocrx_word' id='word_1_152' title='bbox 544 1379 588 1429; x_wconf 81' lang='lat' dir='ltr'><strong>(v.</strong></span> <span class='ocrx_word' id='word_1_153' title='bbox 621 1376 798 1428; x_wconf 82' lang='lat'>26—46)</span> <span class='ocrx_word' id='word_1_154' title='bbox 838 1380 987 1417; x_wconf 90' lang='lat' dir='ltr'><strong>initium</strong></span> <span class='ocrx_word' id='word_1_155' title='bbox 1026 1390 1111 1417; x_wconf 90' lang='lat' dir='ltr'><strong>cum</strong></span> <span class='ocrx_word' id='word_1_156' title='bbox 1150 1383 1256 1416; x_wconf 89' lang='lat' dir='ltr'><strong>recte</strong></span> <span class='ocrx_word' id='word_1_157' title='bbox 1286 1379 1325 1416; x_wconf 93' lang='lat' dir='ltr'><strong>in</strong></span> <span class='ocrx_word' id='word_1_158' title='bbox 1357 1378 1393 1416; x_wconf 91' lang='lat' dir='ltr'><em>B</em></span> <span class='ocrx_word' id='word_1_159' title='bbox 1423 1379 1678 1428; x_wconf 81' lang='lat' dir='ltr'><strong>significatum</strong></span> <span class='ocrx_word' id='word_1_160' title='bbox 1711 1379 1761 1417; x_wconf 88' lang='lat' dir='ltr'><strong>sit</strong></span> 
     </span>
     <span class='ocr_line' id='line_1_18' title="bbox 267 1444 1761 1496; baseline -0.001 -12"><span class='ocrx_word' id='word_1_161' title='bbox 267 1450 305 1484; x_wconf 90' lang='lat' dir='ltr'><strong>et</strong></span> <span class='ocrx_word' id='word_1_162' title='bbox 340 1457 526 1496; x_wconf 88' lang='lat' dir='ltr'><strong>perquam</strong></span> <span class='ocrx_word' id='word_1_163' title='bbox 571 1444 826 1496; x_wconf 85' lang='lat' dir='ltr'><strong>probabiliter</strong></span> <span class='ocrx_word' id='word_1_164' title='bbox 871 1450 1067 1483; x_wconf 87' lang='lat' dir='ltr'><strong>extremae</strong></span> <span class='ocrx_word' id='word_1_165' title='bbox 1111 1445 1318 1496; x_wconf 89' lang='lat' dir='ltr'><strong>quinorum</strong></span> <span class='ocrx_word' id='word_1_166' title='bbox 1358 1456 1535 1483; x_wconf 86' lang='lat' dir='ltr'><strong>versuum</strong></span> <span class='ocrx_word' id='word_1_167' title='bbox 1578 1445 1761 1495; x_wconf 86' lang='lat' dir='ltr'><strong>strophae</strong></span> 
     </span>
     <span class='ocr_line' id='line_1_19' title="bbox 266 1508 1761 1561; baseline -0.001 -11"><span class='ocrx_word' id='word_1_168' title='bbox 266 1509 442 1551; x_wconf 85' lang='lat'><strong>47—41.</strong></span> <span class='ocrx_word' id='word_1_169' title='bbox 473 1509 638 1550; x_wconf 83' lang='lat'>42-46</span> <span class='ocrx_word' id='word_1_170' title='bbox 677 1515 927 1561; x_wconf 86' lang='lat' dir='ltr'><strong>separentur,</strong></span> <span class='ocrx_word' id='word_1_171' title='bbox 968 1512 1165 1561; x_wconf 89' lang='lat' dir='ltr'><strong>quaeritur</strong></span> <span class='ocrx_word' id='word_1_172' title='bbox 1197 1510 1286 1561; x_wconf 90' lang='lat' dir='ltr'><strong>quid</strong></span> <span class='ocrx_word' id='word_1_173' title='bbox 1317 1522 1432 1549; x_wconf 80' lang='lat' dir='ltr'><strong>versu</strong></span> <span class='ocrx_word' id='word_1_174' title='bbox 1462 1508 1517 1550; x_wconf 87' lang='lat'><strong>30</strong></span> <span class='ocrx_word' id='word_1_175' title='bbox 1545 1511 1662 1549; x_wconf 85' lang='lat' dir='ltr'><strong>facias</strong></span> <span class='ocrx_word' id='word_1_176' title='bbox 1692 1511 1761 1549; x_wconf 89' lang='lat' dir='ltr'><strong>mi-</strong></span> 
     </span>
     <span class='ocr_line' id='line_1_20' title="bbox 267 1576 1762 1634; baseline -0.001 -18"><span class='ocrx_word' id='word_1_177' title='bbox 267 1579 370 1617; x_wconf 88' lang='lat' dir='ltr'><strong>niato</strong></span> <span class='ocrx_word' id='word_1_178' title='bbox 407 1577 473 1616; x_wconf 92' lang='lat' dir='ltr'><strong>illo</strong></span> <span class='ocrx_word' id='word_1_179' title='bbox 512 1590 665 1628; x_wconf 89' lang='lat' dir='ltr'><strong>quoque</strong></span> <span class='ocrx_word' id='word_1_180' title='bbox 703 1577 874 1617; x_wconf 91' lang='lat' dir='ltr'><strong>eiusdem</strong></span> <span class='ocrx_word' id='word_1_181' title='bbox 912 1576 1061 1616; x_wconf 90' lang='lat' dir='ltr'><strong>librarii</strong></span> <span class='ocrx_word' id='word_1_182' title='bbox 1100 1589 1227 1615; x_wconf 91' lang='lat' dir='ltr'><strong>manu.</strong></span> <span class='ocrx_word' id='word_1_183' title='bbox 1291 1577 1356 1626; x_wconf 87' lang='lat' dir='ltr'><strong>qui</strong></span> <span class='ocrx_word' id='word_1_184' title='bbox 1395 1588 1482 1634; x_wconf 83' lang='lat' dir='ltr'><strong>cum</strong></span> <span class='ocrx_word' id='word_1_185' title='bbox 1521 1577 1762 1628; x_wconf 84' lang='lat' dir='ltr'><strong>parenthesis</strong></span> 
     </span>
     <span class='ocr_line' id='line_1_21' title="bbox 267 1641 1762 1695; baseline -0.002 -11"><span class='ocrx_word' id='word_1_186' title='bbox 267 1657 429 1684; x_wconf 88' lang='lat' dir='ltr'><strong>munere</strong></span> <span class='ocrx_word' id='word_1_187' title='bbox 466 1645 666 1695; x_wconf 84' lang='lat' dir='ltr'><strong>fungatur,</strong></span> <span class='ocrx_word' id='word_1_188' title='bbox 713 1645 822 1682; x_wconf 91' lang='lat' dir='ltr'><strong>initio</strong></span> <span class='ocrx_word' id='word_1_189' title='bbox 860 1643 1043 1694; x_wconf 88' lang='lat' dir='ltr'><strong>strophae</strong></span> <span class='ocrx_word' id='word_1_190' title='bbox 1081 1648 1122 1681; x_wconf 91' lang='lat' dir='ltr'><strong>ut</strong></span> <span class='ocrx_word' id='word_1_191' title='bbox 1158 1642 1334 1692; x_wconf 87' lang='lat' dir='ltr'><strong>plerique</strong></span> <span class='ocrx_word' id='word_1_192' title='bbox 1371 1641 1434 1681; x_wconf 90' lang='lat' dir='ltr'><strong>alii</strong></span> <span class='ocrx_word' id='word_1_193' title='bbox 1473 1642 1609 1681; x_wconf 89' lang='lat' dir='ltr'><strong>eodem</strong></span> <span class='ocrx_word' id='word_1_194' title='bbox 1648 1642 1762 1681; x_wconf 90' lang='lat' dir='ltr'><strong>modo</strong></span> 
     </span>
     <span class='ocr_line' id='line_1_22' title="bbox 266 1708 1761 1762; baseline -0.003 -12"><span class='ocrx_word' id='word_1_195' title='bbox 266 1713 436 1762; x_wconf 88' lang='lat' dir='ltr'><strong>insignes</strong></span> <span class='ocrx_word' id='word_1_196' title='bbox 466 1716 554 1762; x_wconf 87' lang='lat' dir='ltr'><strong>apte</strong></span> <span class='ocrx_word' id='word_1_197' title='bbox 585 1710 767 1749; x_wconf 87' lang='lat' dir='ltr'><strong>collocari</strong></span> <span class='ocrx_word' id='word_1_198' title='bbox 796 1711 857 1748; x_wconf 85' lang='lat' dir='ltr'><strong>vix</strong></span> <span class='ocrx_word' id='word_1_199' title='bbox 889 1714 1051 1760; x_wconf 89' lang='lat' dir='ltr'><strong>poterat.</strong></span> <span class='ocrx_word' id='word_1_200' title='bbox 1111 1709 1261 1747; x_wconf 87' lang='lat' dir='ltr'><strong>videtur</strong></span> <span class='ocrx_word' id='word_1_201' title='bbox 1292 1720 1384 1758; x_wconf 89' lang='lat' dir='ltr'><strong>ergo</strong></span> <span class='ocrx_word' id='word_1_202' title='bbox 1415 1708 1459 1747; x_wconf 89' lang='lat' dir='ltr'><strong>ad</strong></span> <span class='ocrx_word' id='word_1_203' title='bbox 1492 1708 1761 1758; x_wconf 88' lang='lat' dir='ltr'><strong>distinguenda</strong></span> 
     </span>
     <span class='ocr_line' id='line_1_23' title="bbox 266 1774 1763 1828; baseline -0.002 -12"><span class='ocrx_word' id='word_1_204' title='bbox 266 1778 396 1828; x_wconf 90' lang='lat' dir='ltr'><strong>priora</strong></span> <span class='ocrx_word' id='word_1_205' title='bbox 428 1781 467 1815; x_wconf 89' lang='lat' dir='ltr'><strong>et</strong></span> <span class='ocrx_word' id='word_1_206' title='bbox 504 1777 706 1826; x_wconf 89' lang='lat' dir='ltr'><strong>sequentia</strong></span> <span class='ocrx_word' id='word_1_207' title='bbox 736 1776 986 1827; x_wconf 90' lang='lat' dir='ltr'><strong>interpositus</strong></span> <span class='ocrx_word' id='word_1_208' title='bbox 1016 1786 1111 1814; x_wconf 84' lang='lat' dir='ltr'><strong>esse.</strong></span> <span class='ocrx_word' id='word_1_209' title='bbox 1173 1786 1261 1812; x_wconf 89' lang='lat' dir='ltr'><strong>nam</strong></span> <span class='ocrx_word' id='word_1_210' title='bbox 1292 1775 1458 1825; x_wconf 89' lang='lat' dir='ltr'><strong>oppositi</strong></span> <span class='ocrx_word' id='word_1_211' title='bbox 1494 1775 1595 1812; x_wconf 91' lang='lat' dir='ltr'><strong>inter</strong></span> <span class='ocrx_word' id='word_1_212' title='bbox 1625 1786 1668 1813; x_wconf 91' lang='lat' dir='ltr'><strong>se</strong></span> <span class='ocrx_word' id='word_1_213' title='bbox 1698 1774 1763 1814; x_wconf 90' lang='lat' dir='ltr'><strong>sil—</strong></span> 
     </span>
     <span class='ocr_line' id='line_1_24' title="bbox 267 1838 1763 1893; baseline -0.001 -13"><span class='ocrx_word' id='word_1_214' title='bbox 267 1856 334 1882; x_wconf 86' lang='lat' dir='ltr'><strong>vae</strong></span> <span class='ocrx_word' id='word_1_215' title='bbox 365 1847 454 1882; x_wconf 87' lang='lat' dir='ltr'><strong>sunt</strong></span> <span class='ocrx_word' id='word_1_216' title='bbox 482 1843 664 1881; x_wconf 91' lang='lat' dir='ltr'><strong>interitus</strong></span> <span class='ocrx_word' id='word_1_217' title='bbox 694 1843 798 1881; x_wconf 83' lang='lat' dir='ltr'><strong>ferro</strong></span> <span class='ocrx_word' id='word_1_218' title='bbox 832 1842 875 1893; x_wconf 80' lang='lat' dir='ltr'><strong>(v,</strong></span> <span class='ocrx_word' id='word_1_219' title='bbox 905 1839 1083 1893; x_wconf 87' lang='lat'><strong>31—33)</strong></span> <span class='ocrx_word' id='word_1_220' title='bbox 1116 1845 1154 1879; x_wconf 91' lang='lat' dir='ltr'><strong>et</strong></span> <span class='ocrx_word' id='word_1_221' title='bbox 1183 1841 1263 1890; x_wconf 85' lang='lat' dir='ltr'><strong>igni</strong></span> <span class='ocrx_word' id='word_1_222' title='bbox 1295 1838 1485 1891; x_wconf 74' lang='lat'>(34—36)</span> <span class='ocrx_word' id='word_1_223' title='bbox 1515 1840 1646 1879; x_wconf 81' lang='lat' dir='ltr'><strong>futuri.</strong></span> <span class='ocrx_word' id='word_1_224' title='bbox 1699 1842 1763 1891; x_wconf 90' lang='lat' dir='ltr'><strong>qui</strong></span> 
     </span>
     <span class='ocr_line' id='line_1_25' title="bbox 267 1896 1773 1961; baseline -0.002 -13"><span class='ocrx_word' id='word_1_225' title='bbox 267 1909 507 1961; x_wconf 87' lang='lat' dir='ltr'><strong>praecedunt</strong></span> <span class='ocrx_word' id='word_1_226' title='bbox 536 1914 720 1960; x_wconf 90' lang='lat' dir='ltr'><strong>quattuor</strong></span> <span class='ocrx_word' id='word_1_227' title='bbox 744 1906 932 1958; x_wconf 77' lang='lat'>(26—29)</span> <span class='ocrx_word' id='word_1_228' title='bbox 959 1912 1025 1946; x_wconf 90' lang='lat' dir='ltr'><strong>aut</strong></span> <span class='ocrx_word' id='word_1_229' title='bbox 1053 1907 1310 1957; x_wconf 86' lang='lat' dir='ltr'><strong>responsione</strong></span> <span class='ocrx_word' id='word_1_230' title='bbox 1341 1918 1409 1944; x_wconf 86' lang='lat' dir='ltr'><strong>sua</strong></span> <span class='ocrx_word' id='word_1_231' title='bbox 1440 1918 1573 1944; x_wconf 88' lang='lat' dir='ltr'><strong>carere</strong></span> <span class='ocrx_word' id='word_1_232' title='bbox 1603 1896 1773 1958; x_wconf 31' lang='lat' dir='ltr'><strong>putandi)</strong></span> 
     </span>
     <span class='ocr_line' id='line_1_26' title="bbox 268 1970 1764 2026; baseline -0.002 -12"><span class='ocrx_word' id='word_1_233' title='bbox 268 1981 334 2015; x_wconf 88' lang='lat' dir='ltr'><strong>aut</strong></span> <span class='ocrx_word' id='word_1_234' title='bbox 362 1977 414 2014; x_wconf 91' lang='lat' dir='ltr'><strong>ita</strong></span> <span class='ocrx_word' id='word_1_235' title='bbox 445 1975 677 2026; x_wconf 87' lang='lat' dir='ltr'><strong>disponendi</strong></span> <span class='ocrx_word' id='word_1_236' title='bbox 707 1979 840 2017; x_wconf 89' lang='lat' dir='ltr'><strong>erunt,</strong></span> <span class='ocrx_word' id='word_1_237' title='bbox 884 1981 924 2012; x_wconf 88' lang='lat' dir='ltr'><strong>ut</strong></span> <span class='ocrx_word' id='word_1_238' title='bbox 955 1974 1123 2024; x_wconf 90' lang='lat' dir='ltr'><strong>seposito</strong></span> <span class='ocrx_word' id='word_1_239' title='bbox 1154 1973 1263 2022; x_wconf 87' lang='lat' dir='ltr'><strong>quasi</strong></span> <span class='ocrx_word' id='word_1_240' title='bbox 1293 1971 1511 2022; x_wconf 87' lang='lat' dir='ltr'><strong>praeludio,</strong></span> <span class='ocrx_word' id='word_1_241' title='bbox 1555 1973 1677 2010; x_wconf 60' lang='lat' dir='ltr'><strong>cui&#39;x&#39;.</strong></span> <span class='ocrx_word' id='word_1_242' title='bbox 1709 1970 1764 2012; x_wconf 88' lang='lat'><strong>30</strong></span> 
     </span>
     <span class='ocr_line' id='line_1_27' title="bbox 267 2035 1763 2093; baseline -0.002 -12"><span class='ocrx_word' id='word_1_243' title='bbox 267 2041 512 2093; x_wconf 87' lang='lat' dir='ltr'><strong>respondeat,</strong></span> <span class='ocrx_word' id='word_1_244' title='bbox 545 2042 669 2092; x_wconf 89' lang='lat' dir='ltr'><strong>primo</strong></span> <span class='ocrx_word' id='word_1_245' title='bbox 702 2040 748 2092; x_wconf 83' lang='lat' dir='ltr'><strong>(v.</strong></span> <span class='ocrx_word' id='word_1_246' title='bbox 773 2038 839 2091; x_wconf 76' lang='lat'><strong>26)</strong></span> <span class='ocrx_word' id='word_1_247' title='bbox 871 2038 1010 2090; x_wconf 89' lang='lat' dir='ltr'><strong>reliqui</strong></span> <span class='ocrx_word' id='word_1_248' title='bbox 1040 2043 1120 2078; x_wconf 86' lang='lat' dir='ltr'><strong>tres</strong></span> <span class='ocrx_word' id='word_1_249' title='bbox 1153 2035 1342 2089; x_wconf 69' lang='lat'>(27-29)</span> <span class='ocrx_word' id='word_1_250' title='bbox 1375 2050 1461 2076; x_wconf 90' lang='lat' dir='ltr'><strong>cum</strong></span> <span class='ocrx_word' id='word_1_251' title='bbox 1493 2037 1763 2078; x_wconf 85' lang='lat' dir='ltr'><strong>illis&#39;3l—-33</strong></span> 
     </span>
     <span class='ocr_line' id='line_1_28' title="bbox 269 2105 1239 2158; baseline -0.006 -10"><span class='ocrx_word' id='word_1_252' title='bbox 269 2114 305 2148; x_wconf 89' lang='lat' dir='ltr'><strong>et</strong></span> <span class='ocrx_word' id='word_1_253' title='bbox 334 2106 499 2147; x_wconf 85' lang='lat'>34—36</span> <span class='ocrx_word' id='word_1_254' title='bbox 529 2108 747 2146; x_wconf 86' lang='lat' dir='ltr'><strong>ternionem</strong></span> <span class='ocrx_word' id='word_1_255' title='bbox 778 2106 1028 2158; x_wconf 86' lang='lat' dir='ltr'><strong>stropharum</strong></span> <span class='ocrx_word' id='word_1_256' title='bbox 1060 2105 1239 2144; x_wconf 76' lang='lat' dir='ltr'><strong>efficiant.</strong></span> 
     </span>
    </p>
   </div>
   <div class='ocr_carea' id='block_1_4' title="bbox 254 2237 1764 2889">
    <p class='ocr_par' dir='ltr' id='par_1_4' title="bbox 254 2237 1764 2889">
     <span class='ocr_line' id='line_1_29' title="bbox 377 2237 1761 2290; baseline -0.003 -11"><span class='ocrx_word' id='word_1_257' title='bbox 377 2240 548 2279; x_wconf 86' lang='lat' dir='ltr'><strong>Insertos</strong></span> <span class='ocrx_word' id='word_1_258' title='bbox 579 2245 707 2278; x_wconf 89' lang='lat' dir='ltr'><strong>autem</strong></span> <span class='ocrx_word' id='word_1_259' title='bbox 737 2251 822 2278; x_wconf 89' lang='lat' dir='ltr'><strong>esse</strong></span> <span class='ocrx_word' id='word_1_260' title='bbox 852 2237 1156 2290; x_wconf 88' lang='lat' dir='ltr'><strong>separandarum</strong></span> <span class='ocrx_word' id='word_1_261' title='bbox 1187 2238 1353 2287; x_wconf 89' lang='lat' dir='ltr'><strong>partium</strong></span> <span class='ocrx_word' id='word_1_262' title='bbox 1378 2249 1491 2275; x_wconf 85' lang='lat' dir='ltr'><strong>causa</strong></span> <span class='ocrx_word' id='word_1_263' title='bbox 1512 2237 1627 2275; x_wconf 89' lang='lat' dir='ltr'><strong>simili</strong></span> <span class='ocrx_word' id='word_1_264' title='bbox 1646 2238 1761 2276; x_wconf 85' lang='lat' dir='ltr'><strong>modo</strong></span> 
     </span>
     <span class='ocr_line' id='line_1_30' title="bbox 268 2302 1762 2356; baseline -0.003 -10"><span class='ocrx_word' id='word_1_265' title='bbox 268 2319 311 2346; x_wconf 86' lang='lat' dir='ltr'><strong>ac</strong></span> <span class='ocrx_word' id='word_1_266' title='bbox 342 2319 373 2346; x_wconf 83' lang='lat' dir='ltr'><strong>v,</strong></span> <span class='ocrx_word' id='word_1_267' title='bbox 406 2304 461 2346; x_wconf 87' lang='lat'><strong>30</strong></span> <span class='ocrx_word' id='word_1_268' title='bbox 497 2307 674 2356; x_wconf 89' lang='lat' dir='ltr'><strong>suspicor</strong></span> <span class='ocrx_word' id='word_1_269' title='bbox 712 2318 743 2343; x_wconf 85' lang='lat' dir='ltr'><strong>V.</strong></span> <span class='ocrx_word' id='word_1_270' title='bbox 777 2303 842 2344; x_wconf 86' lang='lat'><strong>71.</strong></span> <span class='ocrx_word' id='word_1_271' title='bbox 874 2302 938 2344; x_wconf 83' lang='lat'><strong>75.</strong></span> <span class='ocrx_word' id='word_1_272' title='bbox 972 2302 1037 2343; x_wconf 84' lang='lat'><strong>97.</strong></span> <span class='ocrx_word' id='word_1_273' title='bbox 1097 2308 1211 2353; x_wconf 90' lang='lat' dir='ltr'><strong>atque</strong></span> <span class='ocrx_word' id='word_1_274' title='bbox 1247 2302 1387 2354; x_wconf 86' lang='lat' dir='ltr'><strong>proodi</strong></span> <span class='ocrx_word' id='word_1_275' title='bbox 1424 2304 1534 2355; x_wconf 87' lang='lat' dir='ltr'><strong>quasi</strong></span> <span class='ocrx_word' id='word_1_276' title='bbox 1573 2302 1657 2342; x_wconf 88' lang='lat' dir='ltr'><strong>loco</strong></span> <span class='ocrx_word' id='word_1_277' title='bbox 1695 2304 1762 2342; x_wconf 89' lang='lat' dir='ltr'><strong>ha-</strong></span> 
     </span>
     <span class='ocr_line' id='line_1_31' title="bbox 269 2369 1761 2424; baseline -0.003 -13"><span class='ocrx_word' id='word_1_278' title='bbox 269 2373 361 2412; x_wconf 88' lang='lat' dir='ltr'><strong>bere</strong></span> <span class='ocrx_word' id='word_1_279' title='bbox 392 2374 457 2424; x_wconf 93' lang='lat' dir='ltr'><strong>qui</strong></span> <span class='ocrx_word' id='word_1_280' title='bbox 487 2385 518 2410; x_wconf 78' lang='lat' dir='ltr'><strong>v,</strong></span> <span class='ocrx_word' id='word_1_281' title='bbox 550 2369 715 2410; x_wconf 81' lang='lat'>26-29</span> <span class='ocrx_word' id='word_1_282' title='bbox 752 2371 886 2415; x_wconf 87' lang='lat' dir='ltr'><strong>malet,</strong></span> <span class='ocrx_word' id='word_1_283' title='bbox 926 2375 1123 2421; x_wconf 88' lang='lat' dir='ltr'><strong>tamquam</strong></span> <span class='ocrx_word' id='word_1_284' title='bbox 1161 2369 1337 2421; x_wconf 87' lang='lat' dir='ltr'><strong>exemplo</strong></span> <span class='ocrx_word' id='word_1_285' title='bbox 1377 2370 1432 2408; x_wconf 87' lang='lat' dir='ltr'><strong>uti</strong></span> <span class='ocrx_word' id='word_1_286' title='bbox 1468 2370 1610 2420; x_wconf 84' lang='lat' dir='ltr'><strong>poterit</strong></span> <span class='ocrx_word' id='word_1_287' title='bbox 1637 2370 1761 2420; x_wconf 89' lang='lat' dir='ltr'><strong>prima</strong></span> 
     </span>
     <span class='ocr_line' id='line_1_32' title="bbox 269 2427 1761 2490; baseline -0.003 -12"><span class='ocrx_word' id='word_1_288' title='bbox 269 2439 425 2478; x_wconf 86' lang='lat' dir='ltr'><strong>ultimae</strong></span> <span class='ocrx_word' id='word_1_289' title='bbox 455 2439 576 2490; x_wconf 89' lang='lat' dir='ltr'><strong>partis</strong></span> <span class='ocrx_word' id='word_1_290' title='bbox 607 2437 766 2488; x_wconf 89' lang='lat' dir='ltr'><strong>stropha</strong></span> <span class='ocrx_word' id='word_1_291' title='bbox 799 2435 875 2487; x_wconf 87' lang='grc'>(66.</span> <span class='ocrx_word' id='word_1_292' title='bbox 909 2434 963 2476; x_wconf 84' lang='grc'><strong>82</strong></span> <span class='ocrx_word' id='word_1_293' title='bbox 993 2438 1083 2487; x_wconf 76' lang='lat' dir='ltr'><strong>sq),</strong></span> <span class='ocrx_word' id='word_1_294' title='bbox 1123 2437 1154 2474; x_wconf 88' lang='lat' dir='ltr'><strong>si</strong></span> <span class='ocrx_word' id='word_1_295' title='bbox 1184 2435 1339 2486; x_wconf 88' lang='lat' dir='ltr'><strong>quidem</strong></span> <span class='ocrx_word' id='word_1_296' title='bbox 1363 2427 1521 2486; x_wconf 60' lang='lat' dir='ltr'><strong>⁴integra</strong></span> <span class='ocrx_word' id='word_1_297' title='bbox 1551 2440 1618 2474; x_wconf 87' lang='lat' dir='ltr'><strong>est.</strong></span> <span class='ocrx_word' id='word_1_298' title='bbox 1678 2448 1761 2474; x_wconf 91' lang='lat' dir='ltr'><strong>mu-</strong></span> 
     </span>
     <span class='ocr_line' id='line_1_33' title="bbox 269 2499 1762 2554; baseline -0.003 -10"><span class='ocrx_word' id='word_1_299' title='bbox 269 2506 372 2545; x_wconf 89' lang='lat' dir='ltr'><strong>tilam</strong></span> <span class='ocrx_word' id='word_1_300' title='bbox 403 2504 521 2549; x_wconf 88' lang='lat' dir='ltr'><strong>illam‚</strong></span> <span class='ocrx_word' id='word_1_301' title='bbox 554 2505 661 2542; x_wconf 87' lang='lat' dir='ltr'><strong>cuius</strong></span> <span class='ocrx_word' id='word_1_302' title='bbox 691 2503 853 2542; x_wconf 83' lang='lat' dir='ltr'><strong>frustula</strong></span> <span class='ocrx_word' id='word_1_303' title='bbox 885 2508 1033 2542; x_wconf 87' lang='lat' dir='ltr'><strong>restant</strong></span> <span class='ocrx_word' id='word_1_304' title='bbox 1062 2515 1094 2541; x_wconf 77' lang='lat' dir='ltr'><strong>v,</strong></span> <span class='ocrx_word' id='word_1_305' title='bbox 1127 2499 1180 2542; x_wconf 88' lang='lat'><strong>95</strong></span> <span class='ocrx_word' id='word_1_306' title='bbox 1204 2515 1272 2554; x_wconf 75' lang='lat' dir='ltr'><strong>sq„</strong></span> <span class='ocrx_word' id='word_1_307' title='bbox 1308 2514 1393 2541; x_wconf 85' lang='lat' dir='ltr'><strong>cum</strong></span> <span class='ocrx_word' id='word_1_308' title='bbox 1424 2502 1616 2552; x_wconf 90' lang='lat' dir='ltr'><strong>geminam</strong></span> <span class='ocrx_word' id='word_1_309' title='bbox 1646 2502 1762 2540; x_wconf 85' lang='lat' dir='ltr'><strong>fuisse</strong></span> 
     </span>
     <span class='ocr_line' id='line_1_34' title="bbox 268 2566 1764 2623; baseline -0.003 -13"><span class='ocrx_word' id='word_1_310' title='bbox 268 2577 452 2623; x_wconf 86' lang='lat' dir='ltr'><strong>appareat</strong></span> <span class='ocrx_word' id='word_1_311' title='bbox 495 2575 678 2621; x_wconf 90' lang='lat' dir='ltr'><strong>quattuor</strong></span> <span class='ocrx_word' id='word_1_312' title='bbox 723 2569 899 2608; x_wconf 87' lang='lat' dir='ltr'><strong>versibus</strong></span> <span class='ocrx_word' id='word_1_313' title='bbox 942 2567 995 2608; x_wconf 88' lang='lat'><strong>89</strong></span> <span class='ocrx_word' id='word_1_314' title='bbox 1032 2580 1089 2618; x_wconf 87' lang='lat' dir='ltr'><strong>sq.</strong></span> <span class='ocrx_word' id='word_1_315' title='bbox 1143 2566 1221 2608; x_wconf 84' lang='lat'><strong>102</strong></span> <span class='ocrx_word' id='word_1_316' title='bbox 1260 2581 1328 2619; x_wconf 71' lang='lat' dir='ltr'><strong>sq„</strong></span> <span class='ocrx_word' id='word_1_317' title='bbox 1376 2579 1473 2618; x_wconf 88' lang='lat' dir='ltr'><strong>quae</strong></span> <span class='ocrx_word' id='word_1_318' title='bbox 1516 2567 1764 2606; x_wconf 86' lang='lat' dir='ltr'><strong>intercedunt</strong></span> 
     </span>
     <span class='ocr_line' id='line_1_35' title="bbox 267 2633 1759 2685; baseline -0.005 -7"><span class='ocrx_word' id='word_1_319' title='bbox 267 2636 657 2678; x_wconf 76' lang='lat' dir='ltr'><strong>91—941·eferen‹la</strong></span> <span class='ocrx_word' id='word_1_320' title='bbox 690 2640 805 2675; x_wconf 90' lang='lat' dir='ltr'><strong>erunt</strong></span> <span class='ocrx_word' id='word_1_321' title='bbox 834 2635 881 2675; x_wconf 89' lang='lat' dir='ltr'><strong>ad</strong></span> <span class='ocrx_word' id='word_1_322' title='bbox 902 2633 1079 2683; x_wconf 85' lang='lat'>84—88,</span> <span class='ocrx_word' id='word_1_323' title='bbox 1113 2647 1189 2685; x_wconf 88' lang='lat' dir='ltr'><strong>quo</strong></span> <span class='ocrx_word' id='word_1_324' title='bbox 1220 2639 1258 2674; x_wconf 89' lang='lat' dir='ltr'><strong>et</strong></span> <span class='ocrx_word' id='word_1_325' title='bbox 1287 2647 1329 2674; x_wconf 88' lang='lat' dir='ltr'><strong>re</strong></span> <span class='ocrx_word' id='word_1_326' title='bbox 1351 2639 1388 2673; x_wconf 88' lang='lat' dir='ltr'><strong>et</strong></span> <span class='ocrx_word' id='word_1_327' title='bbox 1416 2646 1533 2673; x_wconf 89' lang='lat' dir='ltr'><strong>sensu</strong></span> <span class='ocrx_word' id='word_1_328' title='bbox 1553 2634 1759 2684; x_wconf 89' lang='lat' dir='ltr'><strong>pertinent.</strong></span> 
     </span>
     <span class='ocr_line' id='line_1_36' title="bbox 254 2701 1762 2755; baseline -0.003 -12"><span class='ocrx_word' id='word_1_329' title='bbox 254 2717 360 2755; x_wconf 60' lang='lat' dir='ltr'><strong>‚ergo</strong></span> <span class='ocrx_word' id='word_1_330' title='bbox 392 2705 501 2742; x_wconf 73' lang='lat' dir='ltr'><strong>deest</strong></span> <span class='ocrx_word' id='word_1_331' title='bbox 535 2704 576 2741; x_wconf 94' lang='lat' dir='ltr'><strong>in</strong></span> <span class='ocrx_word' id='word_1_332' title='bbox 614 2702 678 2742; x_wconf 90' lang='lat' dir='ltr'><strong>illa</strong></span> <span class='ocrx_word' id='word_1_333' title='bbox 716 2701 877 2754; x_wconf 90' lang='lat' dir='ltr'><strong>periodo</strong></span> <span class='ocrx_word' id='word_1_334' title='bbox 917 2701 1128 2741; x_wconf 86' lang='lat' dir='ltr'><strong>versiculus</strong></span> <span class='ocrx_word' id='word_1_335' title='bbox 1167 2713 1284 2745; x_wconf 86' lang='lat' dir='ltr'><strong>unus,</strong></span> <span class='ocrx_word' id='word_1_336' title='bbox 1323 2712 1438 2751; x_wconf 86' lang='lat' dir='ltr'><strong>quem</strong></span> <span class='ocrx_word' id='word_1_337' title='bbox 1474 2703 1561 2751; x_wconf 89' lang='lat' dir='ltr'><strong>post</strong></span> <span class='ocrx_word' id='word_1_338' title='bbox 1589 2711 1633 2738; x_wconf 89' lang='lat' dir='ltr'><strong>ea</strong></span> <span class='ocrx_word' id='word_1_339' title='bbox 1663 2712 1762 2751; x_wconf 87' lang='lat' dir='ltr'><strong>quae</strong></span> 
     </span>
     <span class='ocr_line' id='line_1_37' title="bbox 268 2765 1762 2820; baseline -0.003 -11"><span class='ocrx_word' id='word_1_340' title='bbox 268 2783 373 2810; x_wconf 83' lang='lat' dir='ltr'><strong>nunc</strong></span> <span class='ocrx_word' id='word_1_341' title='bbox 417 2769 653 2808; x_wconf 88' lang='lat' dir='ltr'><strong>obscuritate</strong></span> <span class='ocrx_word' id='word_1_342' title='bbox 695 2769 858 2820; x_wconf 88' lang='lat' dir='ltr'><strong>quadam</strong></span> <span class='ocrx_word' id='word_1_343' title='bbox 905 2768 1080 2807; x_wconf 90' lang='lat' dir='ltr'><strong>laborare</strong></span> <span class='ocrx_word' id='word_1_344' title='bbox 1124 2767 1288 2806; x_wconf 91' lang='lat' dir='ltr'><strong>vidimus</strong></span> <span class='ocrx_word' id='word_1_345' title='bbox 1327 2765 1404 2819; x_wconf 89' lang='lat'><strong>(93)</strong></span> <span class='ocrx_word' id='word_1_346' title='bbox 1448 2766 1634 2805; x_wconf 87' lang='lat' dir='ltr'><strong>excidisse</strong></span> <span class='ocrx_word' id='word_1_347' title='bbox 1671 2767 1762 2805; x_wconf 92' lang='lat' dir='ltr'><strong>satis</strong></span> 
     </span>
     <span class='ocr_line' id='line_1_38' title="bbox 268 2835 802 2889; baseline -0.004 -13"><span class='ocrx_word' id='word_1_348' title='bbox 268 2835 523 2889; x_wconf 86' lang='lat' dir='ltr'><strong>probabiliter</strong></span> <span class='ocrx_word' id='word_1_349' title='bbox 553 2836 802 2877; x_wconf 85' lang='lat' dir='ltr'><strong>coniciemus.</strong></span> 
     </span>
    </p>
   </div>
   <div class='ocr_carea' id='block_1_5' title="bbox 1854 2414 1884 3126">
    <p class='ocr_par' dir='ltr' id='par_1_5' title="bbox 1854 2414 1884 3126">
     <span class='ocr_line' id='line_1_39' title="bbox 1854 2414 1884 3126; baseline 0 0"><span class='ocrx_word' id='word_1_350' title='bbox 1854 2414 1884 3126; x_wconf 95' lang='lat' dir='ltr'><strong> </strong></span> 
     </span>
    </p>
   </div>
  </div>
 </body>
</html>
