1884 3126
299 168 353 208 28
871 187 1202 214 PROLEGOMENON

300 290 401 329 XIIII
432 293 469 330 in
500 292 562 331 fol.
597 292 698 332 130Γ
729 299 765 333 et
794 297 896 346 picta
927 298 1097 335 ornatius
1127 297 1250 335 littera
1282 298 1417 336 initiali
1448 303 1484 336 et
1514 300 1636 350 spatio
1669 301 1780 340 unius

298 356 421 396 lineae
450 364 538 408 post
568 361 830 400 antecedentis
859 362 967 401 catal.
1001 363 1063 401 VII
1094 364 1235 401 exitum
1266 363 1401 402 reiicto
1430 366 1578 414 insigne
1609 372 1677 404 est.

407 416 473 475 28)
516 427 709 474 Veryilius
738 429 787 466 dc
814 423 979 467 caesare
1011 429 1154 479 (Burm.
1185 429 1217 468 II
1247 427 1312 476 67,
1343 431 1392 470 Μ.
1424 429 1516 483 757)
1547 431 1611 471 sol.
1646 431 1758 472 1322

406 487 472 541 29)
504 493 552 530 dc
580 495 738 532 cornice
767 495 935 533 disticon

497 559 669 608 Tarpeio
698 562 894 608 quondam
923 564 1098 600 consedit
1125 564 1295 601 culmine
1323 567 1477 603 cornix.

560 626 631 664 Est
658 627 754 664 benc
773 639 859 665 -ηοη
881 630 1012 676 potuit
1041 630 1191 667 dicere:
1221 631 1325 668 dizit
1353 633 1440 669 crit.

404 701 470 753 30)
513 704 677 751 Verqilii
703 705 869 743 disticon
902 705 1044 754 (Burm.
1076 706 1108 743 II
1136 703 1230 751 265,
1262 707 1309 745 Μ.
1342 705 1449 758 853).

403 767 468 818 31)
501 771 550 807 de
577 781 646 808 suc
674 772 815 809 iuuene
842 776 880 809 ct
907 776 1086 819 serpente
1117 771 1270 822 (Meyeri
1299 771 1391 812 871.
1421 772 1514 813 873.
1546 773 1651 822 872).

402 833 467 884 32)
499 837 542 873 Ρ.
594 837 757 884 Ῑένῃῖίῖὶ
796 838 846 874 dc
886 839 1008 885 siquis
1050 840 1295 878 caelestibus.
1366 839 1510 889 (Burm.
1544 843 1572 880 V
1613 840 1686 886 29,
1727 843 1774 880 Μ.

291 898 536 950 481-491)
569 901 632 938 sol.
667 900 823 940 132r—
843 901 958 941 133v.

402 965 467 1017 33)
500 968 706 1007 Musarum
734 971 894 1008 nomina
926 968 1079 1020 (Meyeri
1110 968 1217 1022 618).

667 1045 792 1083 FINIS

557 1111 652 1149 DEO
683 1111 892 1150 GRATIAS

292 1188 436 1226 contuli
466 1201 502 1226 n.
534 1186 573 1226 2.
605 1185 643 1226 4.
674 1185 727 1227 27
760 1193 899 1233 notata,
933 1195 970 1228 et
1000 1191 1144 1240 signavi
1175 1190 1300 1230 littera
1333 1194 1380 1231 B.

401 1287 430 1324 T
443 1287 677 1332 huaneus,
701 1287 855 1326 Parisiis
877 1289 914 1326 in
937 1287 1027 1326 bibl.
1048 1291 1149 1339 regia
1174 1295 1318 1335 extans,
1344 1304 1447 1330 uum.
1468 1294 1637 1342 signatus
1653 1291 1774 1338 8069,

292 1353 453 1393 membr.
486 1365 586 1392 saec..
621 1354 670 1392 XI
702 1353 760 1392 vel
789 1354 834 1392 X.
866 1355 938 1393 fuit
968 1355 1096 1395 lacohi
1126 1357 1220 1406 Aug.
1254 1356 1425 1403 Thuani,
1457 1364 1587 1409 postea
1619 1358 1776 1398 Colber-

291 1421 403 1459 tinus.
465 1421 589 1458 inesse
619 1420 784 1458 Naekius
815 1420 892 1459 Cat.
926 1434 961 1471 p.
995 1419 1077 1460 340
1105 1433 1161 1471 sq.
1194 1423 1316 1461 refert
1346 1423 1462 1462 baec:

402 1486 436 1538 1)
466 1488 731 1535 qrammatica
762 1488 969 1538 quaedam,
1001 1490 1173 1527 maxime
1202 1490 1250 1527 dc
1274 1491 1418 1537 fiyuris
1446 1491 1653 1530 rhetoricis
1662 1504 1676 1535 ,·

398 1551 436 1603 2)
467 1554 646 1592 bucolica
674 1564 762 1592 cum
790 1554 958 1601 scholiis,
988 1556 1192 1602 ycorqica,
1227 1555 1434 1594 Aeneidem
1442 1570 1457 1601 ,-

398 1618 435 1669 3)
467 1621 677 1658 sententias
716 1620 795 1658 VII
821 1620 1143 1669 philosophorum
1151 1634 1166 1665 ;

397 1684 435 1736 4)
468 1687 525 1724 Dc
563 1687 766 1725 nobilitate
805 1698 854 1724 ac
890 1688 956 1724 dic
984 1691 1158 1735 tempore
1187 1689 1313 1726 nativi
1338 1690 1658 1738 lonqitecdmeque
1685 1694 1775 1729 tcm-

283 1764 426 1801 porum
464 1755 570 1791 uitae
605 1753 649 1790 P.
684 1752 847 1800 Uirqilii
881 1753 1063 1791 Maronis
1101 1754 1294 1802 Discipuli
1329 1755 1466 1803 Epidii
1501 1755 1680 1795 Oratoris
1707 1758 1773 1795 In-

286 1821 394 1867 cipit.
442 1818 544 1868 (item
576 1818 612 1855 in
645 1818 708 1868 B.)

397 1882 435 1934 5)
477 1886 618 1923 Versus
661 1884 794 1922 Ouidii
833 1885 974 1935 (Burin.
1009 1884 1041 1922 II
1073 1883 1163 1930 192,
1194 1887 1242 1924 Μ.
1274 1884 1374 1930 862,
1407 1887 1496 1925 item
1528 1889 1566 1926 in
1598 1887 1660 1938 B).
1709 1888 1772 1926 de-

288 1950 444 1998 indejn
466 1950 529 1988 soi.
556 1948 672 1987 114v·
703 1951 914 2000 praemissa
943 1951 1193 2001 inscriptione
1217 1953 1372 1991 miniata
1395 1953 1481 1992 bac:
1514 1953 1774 1993 POETARVM

288 2015 641 2054 SAPIENTISSIMI
665 2035 672 2043 ·
696 2015 855 2053 PVBLII
877 2036 885 2044 ·
908 2016 1108 2055 VIRGILII
1132 2038 1140 2046 ·
1163 2019 1379 2057 MARONIS
1403 2040 1411 2048 ·
1441 2018 1774 2059 CONDISCIPVLI

287 2081 545 2121 OCTAVIANI
576 2081 776 2120 CESARIS
795 2102 803 2110 ·
818 2081 1025 2121 AVGVSTI
1049 2103 1056 2111 ·
1079 2083 1232 2122 MVNDI
1262 2084 1590 2124 IMPERATORIS
1614 2106 1621 2114 ·
1643 2086 1770 2124 IVVE-

287 2148 425 2187 NALIS
463 2147 575 2186 LVDI
614 2147 848 2187 LIBELLVS
873 2169 882 2177 ·
906 2149 1084 2188 INCIPIT
1109 2170 1117 2178 ·
1143 2150 1297 2189 CVLEX
1318 2171 1326 2178 -
1353 2150 1510 2189 PVBLII
1528 2171 1536 2179 ·
1555 2150 1771 2190 VIRGILII·

287 2214 500 2253 MARONIS
520 2235 527 2242 ·
546 2214 745 2253 INCIPIT·
779 2214 840 2265 (cs.
857 2214 1025 2254 Naekius
1046 2216 1123 2254 Cat.
1145 2229 1181 2267 p.
1198 2214 1308 2267 344).
1344 2221 1431 2267 post
1450 2219 1611 2256 culicem
1633 2231 1770 2257 secun-

288 2286 347 2318 tur
369 2282 494 2327 dirae,
528 2292 629 2328 copa
653 2279 728 2330 (sol.
755 2272 896 2331 1'19'r·)‚
927 2286 983 2320 est
1003 2287 1039 2320 et
1059 2293 1148 2330 non,
1173 2284 1222 2321 de
1241 2284 1482 2322 institutione
1503 2286 1584 2322 uiri
1601 2285 1704 2334 boni,
1726 2286 1774 2322 dc

285 2349 396 2394 rosis,
431 2347 691 2385 Ammoi-etum
717 2359 835 2398 usque
857 2347 902 2386 ad
931 2346 995 2386 fol.
1018 2345 1133 2386 121v·
1156 2347 1305 2397 (eodem
1327 2349 1462 2387 ordine
1484 2350 1549 2400 qui
1571 2354 1629 2388 est
1649 2350 1687 2387 in
1710 2351 1772 2398 B).

286 2418 416 2464 postea
451 2414 657 2461 epitaphia
698 2414 855 2461 Virqilii
889 2415 968 2451 tria
1011 2414 1070 2464 (cf.
1114 2413 1185 2465 H),
1232 2415 1402 2454 Traiani
1434 2417 1685 2464 imperatoris
1724 2418 1774 2454 dc

285 2480 382 2517 bello
411 2480 601 2527 parthico
637 2491 770 2518 versus
808 2480 870 2517 ‘et
907 2478 971 2516 alii
1008 2480 1237 2519 eiusmodi'.
1299 2485 1496 2531 excerptas
1528 2493 1574 2519 ex
1603 2481 1676 2520 hoc
1707 2493 1770 2520 co—

286 2545 370 2583 diee
400 2544 586 2583 lectiones
616 2545 662 2583 Is.
695 2546 853 2583 Vossius
883 2535 1060 2596 ascripsit.
1090 2547 1253 2595 margini
1284 2546 1509 2597 appendicis
1540 2547 1767 2597 Virgilianae

286 2623 398 2662 quam
440 2610 628 2661 Iosephus
659 2610 830 2661 Scaliger
860 2610 979 2661 Lugd.
1016 2611 1056 2649 B.
1096 2609 1202 2650 1573
1240 2611 1396 2662 prodire
1434 2613 1554 2650 iussit.
1614 2624 1659 2650 ex
1696 2624 1770 2662 quo

286 2676 495 2727 exemplari
533 2683 681 2714 servato
711 2678 749 2715 in
782 2676 873 2715 bibl.
905 2676 1084 2715 Leidcnsi
1117 2678 1216 2727 (cod.
1247 2680 1368 2717 catal.
1400 2679 1488 2716 bibl.
1520 2679 1629 2716 Leid.
1661 2679 1773 2716 XIII

285 2755 325 2781 η.
356 2740 449 2792 502)
497 2741 668 2791 mihique
706 2742 933 2781 liberalitate
975 2744 1042 2781 vIri
1073 2743 1281 2782 doctissimi
1319 2743 1370 2782 du
1401 2743 1496 2782 Rieu
1529 2749 1771 2782 conservato-

285 2809 339 2848 ris
369 2808 546 2848 codicum
576 2810 738 2847 comitor
769 2809 991 2848 transmisso
1023 2809 1206 2860 quidquid
1237 2811 1403 2849 enotavit
1423 2810 1578 2849 Vossius
1606 2811 1644 2847 in
1665 2822 1770 2849 meas
