1884 3126
728 164 861 192 cAPu‘r
894 166 957 192 111.
1550 151 1606 194 39

190 277 436 318 Editionibus
458 278 618 317 vetustis
639 289 728 316 cum
750 289 914 330 prorsus
935 288 1126 323 carerem,
1149 277 1256 317 bunc
1278 279 1391 328 quasi
1415 279 1601 319 vicarium

77 348 250 386 omnium
273 353 465 399 quotquot
492 347 642 386 Aldin
653 357 724 385 am
755 347 972 385 alteram
995 344 1047 397 (α)
1071 345 1310 386 antecedunt
1330 346 1480 386 contuli
1501 348 1602 399 ipse.

188 415 297 454 Hauc
334 427 437 454 anno
479 412 588 454 1534
624 425 852 466 expressam
893 412 954 465 (cf.
988 413 1160 454 Naekius
1192 414 1261 454 Cat
1288 411 1385 466 418)
1422 414 1600 460 adhibui,

77 484 169 536 quia
200 482 376 523 ‘collatis
406 481 584 535 pluribus
616 513 624 521 .
649 513 657 521 .
691 473 1009 533 exemplaribus’
1041 481 1293 521 emendatum
1326 494 1346 520 a
1377 494 1420 521 se
1451 487 1600 521 textum

75 564 162 591 esse
192 552 231 590 in
262 551 502 603 praefatione
535 549 657 589 Aldus
690 554 865 589 testatur.
920 550 985 601 qui
1018 562 1109 589 cum
1139 550 1179 589 in
1211 549 1376 602 epistula
1405 549 1454 589 ad
1482 550 1598 589 Bem-

76 619 169 659 bum
209 618 371 670 Virgilio
416 619 508 657 anni
555 615 663 658 1514
703 618 926 670 praeposita
971 618 1175 670 promittat
1217 630 1261 657 se
1299 617 1410 657 lusus
1448 617 1600 668 Virgilii

74 698 172 739 quos
209 685 275 725 ille
314 685 456 726 babeat.
492 686 807 725 currentissimos
849 689 930 724 tum
970 685 1166 725 editurum
1206 698 1293 725 esse
1323 686 1357 725 si
1387 698 1455 725 eos
1485 698 1598 726 acce-

73 754 195 806 perit,
238 753 444 806 probabile
488 757 548 793 est
585 752 725 792 Bembi
764 758 803 792 et
841 753 978 794 codice
1024 758 1063 793 et
1102 753 1445 793 emendationibus
1484 765 1598 793 usum

74 833 180 868 esse,
213 826 266 866 ut,
301 821 540 873 ubicumque
570 821 754 860 convenit
784 820 938 860 intera
961 826 1001 861 et
1027 820 1219 861 Bembnm
1252 821 1361 861 nullo
1392 826 1598 873 praeterea

70 888 174 928 libro
213 889 482 940 manuscripto
520 888 806 940 adstipulante,
846 889 985 928 Bembi
1025 889 1201 929 videatur
1238 891 1465 930 coniectura
1498 902 1597 929 esse.

72 970 92 996 a
123 969 201 1009 quo
237 956 323 996 aliis
360 956 518 1008 quidem
553 955 652 996 locis
690 956 882 996 recedens
912 970 940 996 α
979 956 1096 996 modo
1128 958 1167 996 B
1204 957 1382 997 codicem
1420 958 1598 1009 pressius

72 1024 189 1064 modo
233 1024 351 1064 alium
394 1025 591 1076 sequitur,
639 1023 743 1063 velut
790 1037 880 1064 cum
917 1027 933 1064 l
971 1029 1010 1064 et
1039 1025 1084 1064 H
1109 1029 1148 1063 et
1188 1026 1222 1064 V
1255 1025 1402 1064 nostris
1439 1026 1597 1077 saepius

72 1093 264 1143 congruit,
295 1090 370 1131 alia
400 1095 531 1130 autem
561 1092 653 1131 satis
683 1091 803 1132 multa
835 1105 881 1131 ex
914 1105 934 1133 ε
963 1093 1134 1144 repetiit.
1186 1092 1378 1143 quaedam
1411 1092 1594 1145 denique,

73 1160 145 1199 nisi
184 1161 285 1199 sorte
316 1172 362 1199 ex
399 1159 607 1211 incognitis
646 1160 740 1199 mihi
779 1159 1070 1213 exemplaribus
1107 1166 1284 1213 sumpta,
1324 1161 1398 1213 ipsi
1434 1161 1594 1213 propria

69 1232 171 1267 sunt.
233 1227 450 1279 scripturas
495 1227 580 1267 eius
615 1226 927 1279 (praetermissis
967 1228 1144 1267 minutiis
1180 1227 1419 1280 quibusdam
1458 1228 1593 1268 ortho-

69 1295 279 1347 graphicis)
318 1296 491 1346 integras
529 1295 701 1341 enotavi,
741 1300 861 1346 utque
899 1300 1110 1348 appareret
1147 1307 1248 1347 quae
1283 1297 1388 1336 inter
1418 1296 1523 1335 hunc
1555 1302 1595 1355 et

69 1362 261 1403 Bembnm
292 1363 393 1403 ratio
429 1362 694 1403 intercederet
725 1376 769 1403 ea
799 1376 958 1416 quoque
989 1364 1179 1411 indicavi,
1219 1376 1320 1415 quae
1351 1364 1455 1416 apud
1486 1365 1592 1404 bunc

70 1430 219 1471 diversa
249 1430 447 1482 leguntur.
509 1430 749 1482 ubicumque
781 1433 895 1477 tacui,
928 1444 1017 1471 eum
1049 1436 1157 1472 textu
1187 1444 1277 1472 meo
1301 1431 1391 1472 illos
1412 1433 1473 1473 vel
1504 1431 1591 1472 illo-

69 1511 159 1539 rum
188 1500 493 1539 alterumutrum
524 1500 749 1538 consentire
779 1499 985 1539 sciendum
1015 1505 1086 1540 est.

669 1870 847 1919 CAPUT
884 1870 975 1919 ΙΠ.

331 1993 411 2050 De
451 1996 762 2051 emendandi
802 2002 976 2054 textus
1015 1996 1319 2054 rationibus.

176 2244 256 2283 lam
293 2255 392 2294 quae
429 2244 532 2284 inter
568 2243 641 2284 hos
680 2249 719 2284 et
754 2250 910 2284 ceteros
946 2243 1104 2283 codices
1133 2245 1308 2284 rationes
1337 2236 1598 2288 intercedant

65 2310 237 2350 breviter
257 2311 468 2350 dicendum
491 2315 560 2350 est.
612 2324 656 2351 ac
686 2312 859 2363 primum
891 2316 1079 2363 cognatos
1101 2324 1191 2352 esse
1221 2318 1386 2365 apparet
1407 2325 1487 2360 eos,
1518 2315 1586 2366 qui

64 2380 245 2418 iuvenilis
274 2379 355 2417 sive
385 2380 579 2418 iuvenalis
607 2380 695 2418 ludi
720 2380 893 2419 libellum
924 2379 1064 2419 eodem
1095 2379 1155 2419 vet
1185 2380 1303 2421 simili
1333 2381 1446 2421 titulo
1477 2395 1583 2422 com-

64 2445 302 2497 plectuntur,
334 2457 381 2484 ex
410 2446 556 2485 nostris
577 2446 701 2495 BPI',
735 2451 942 2497 praeterea
973 2448 1220 2489 Colbertinos
1250 2449 1281 2489 I
1305 2448 1364 2501 (Α)
1405 2462 1443 2489 n.
1476 2448 1585 2491 7927

63 2525 164 2553 saec.
206 2513 238 2552 X
281 2512 342 2565 (cf.
382 2511 556 2564 Silligius
593 2526 632 2565 p.
670 2511 738 2553 22.
776 2511 844 2567 47)
885 2519 924 2554 et
951 2515 1028 2555 III
1055 2514 1117 2567 (F)
1157 2528 1195 2555 n.
1235 2514 1347 2557 8205
1383 2529 1486 2557 saec.
1519 2518 1587 2557 XV

65 2580 193 2633 (quem
232 2580 455 2620 Parisinum
480 2580 529 2619 lv
570 2580 664 2619 dicit
700 2581 871 2621 Naekius
908 2594 947 2634 p.
977 2579 1073 2623 223.
1114 2581 1199 2624 344
1228 2582 1323 2634 sq.),
1362 2585 1586 2626 Mediceum

63 2648 161 2700 plut.
193 2646 248 2688 33
286 2647 372 2687 cod.
411 2646 464 2688 31
504 2660 607 2688 saec.
640 2647 725 2688 XlV
764 2649 824 2701 (ct'.
864 2649 1034 2690 Naekius
1070 2663 1108 2703 p.
1139 2649 1259 2703 344),
1306 2653 1586 2703 Auqustanum

65 2714 228 2755 membr.
268 2716 407 2756 Naekii
453 2716 502 2767 (p.
535 2713 619 2756 356
650 2715 768 2767 sqq),
821 2718 887 2769 qui
931 2722 1098 2757 aetatem
1144 2719 1228 2759 eius
1272 2732 1352 2760 non
1397 2720 1582 2767 definivit,

64 2784 342 2834 praestantiam
379 2785 533 2835 magnis
571 2783 755 2823 laudibus
792 2784 948 2830 extulit;
980 2785 1151 2837 denique
1188 2787 1343 2827 ‘vetus’
1384 2788 1584 2842 exemplar

66 2852 371 2904 manuscriptum
402 2851 611 2904 Scaligeri‚
643 2852 722 2892 sive
751 2853 1012 2894 Pithoeamcm
1042 2854 1117 2894 fuit
1146 2854 1227 2895 sive
1256 2854 1375 2898 aliud.
