1884 3126
385 162 463 204 122
1044 219 1047 222 Ι
1066 183 1186 210 onus.

488 293 552 326 ten
584 300 654 339 ego
684 289 771 340 plus
799 291 926 340 patrio
956 289 1071 329 dilexi
1101 291 1250 342 perdita
1282 293 1425 342 regno?

487 364 551 398 ten
582 362 676 411 ego?
706 374 777 401 nec
807 363 965 407 mirum,
997 362 1099 401 voltu
1130 363 1289 414 decepta
1319 362 1445 414 puella

488 437 528 470 ut
558 432 633 471 vidi
663 437 703 472 ut
732 435 848 484 perii,
880 439 921 473 ut
951 446 1011 472 me
1042 434 1166 474 malus
1197 434 1351 474 abstulit
1382 448 1505 474 error.
1781 441 1862 479 430

486 516 561 542 non
592 504 771 554 equidem
802 517 848 544 ex
877 506 953 544 isto
983 508 1134 557 speravi
1163 500 1328 558 ct'erere
1357 519 1470 558 posse

486 576 561 614 tale
591 577 733 616 malum
766 578 891 616 nasci:
923 579 1047 617 forma
1077 578 1135 617 vel
1165 579 1291 618 sidera
1321 578 1442 619 sallas.

487 659 546 685 nie
577 660 652 686 non
684 648 830 687 deliciis
860 651 1066 689 commovit
1093 652 1200 701 regia
1231 651 1358 710 dives&

487 719 591 758 dives
621 719 765 760 curalio
797 720 922 771 fragili
952 726 989 760 et
1018 722 1222 762 lacrimoso
1253 722 1408 768 electro,

483 803 543 829 me
574 783 650 830 non
680 793 863 832 florentes
892 793 1041 844 aequali
1071 806 1234 845 corpore
1265 795 1467 846 nymphae,
1773 798 1855 837 435

483 875 559 902 uon
589 869 715 903 metus
745 865 941 904 incensam
972 867 1096 917 potuit
1125 867 1294 905 retinere
1325 867 1504 906 deorum:

483 936 609 974 omnia
642 937 730 974 vicit
759 949 889 984 amm-3
920 937 1011 988 quid
1043 939 1144 977 enim
1175 950 1252 977 non
1283 939 1454 977 vinceret
1483 939 1569 978 ille?

485 1019 561 1044 non
592 1007 684 1046 mihi
714 1009 789 1047 iam
819 1010 951 1059 pingui
982 1009 1174 1048 sudabunt
1204 1015 1378 1061 tempora
1408 1011 1573 1062 myrrha,

482 1079 656 1129 pronuba
688 1092 760 1119 nec
790 1085 916 1119 castos
946 1081 1132 1121 accendet
1161 1082 1274 1133 pinus
1304 1082 1484 1127 honores,

484 1163 556 1189 nec
585 1151 700 1202 Libys
729 1153 885 1203 AssyrIo
916 1157 1113 1192 sternetur
1142 1153 1306 1193 lectulus
1336 1158 1456 1194 ostro.
1779 1158 1861 1196 440

482 1235 574 1261 vana
605 1235 766 1274 queror:
798 1236 860 1262 me
891 1237 938 1263 ne
967 1225 1029 1264 illa
1061 1226 1214 1276 quidem
1244 1227 1460 1265 communis
1489 1226 1680 1266 alumnam

482 1294 663 1334 omnibus
693 1296 831 1335 iniecta
864 1296 976 1335 tellus
1007 1297 1213 1336 tumulabit
1243 1297 1398 1337 harena.

481 1378 593 1405 mene
623 1368 724 1406 inter
754 1375 896 1407 man-es
926 1367 1196 1419 ancillarisque
1227 1371 1394 1413 maritas,

480 1450 568 1477 meu
599 1438 691 1478 alias
720 1441 821 1479 inter
849 1440 1080 1480 famularum
1111 1453 1272 1480 munere
1303 1442 1410 1492 fungi

480 1511 654 1561 coniugis
683 1517 797 1561 atque
829 1517 932 1558 tuae,
965 1525 1230 1563 quaecumque
1262 1514 1334 1552 erit
1363 1513 1446 1557 illa,
1479 1513 1613 1553 beatae
1777 1517 1856 1553 445

480 1594 556 1621 uon
587 1582 695 1622 licuit
724 1583 900 1634 gravidos
929 1597 1049 1635 penso
1079 1584 1281 1623 devolvere
1310 1585 1436 1624 fusos?

479 1659 516 1692 at
546 1653 636 1692 belli
665 1654 801 1694 saltem
832 1657 1016 1707 captivam
1046 1656 1132 1707 lege
1162 1657 1359 1696 necasses!

450 1755 529 1792 429
561 1757 662 1792 uultu
692 1757 798 1793 HLR
911 1757 993 1795 430
1022 1772 1073 1790 Ξ
1105 1761 1173 1795 ecl.
1206 1758 1275 1793 Vlll
1306 1758 1354 1793 41
1478 1758 1557 1796 432
1589 1759 1700 1795 sidera
1731 1761 1771 1795 H
1797 1772 1854 1807 sy·

368 1811 450 1846 (lero.
483 1812 594 1849 LReu
708 1812 806 1847 sallas
838 1813 1031 1858 Hauplius
1061 1813 1159 1854 salle,
1196 1825 1242 1848 m.
1274 1824 1352 1849 ree.
1381 1813 1529 1860 fuctum
1560 1814 1655 1849 sallat
1685 1815 1726 1850 H
1754 1815 1855 1850 fallor

370 1867 485 1904 LReoe
616 1866 696 1903 433
728 1878 797 1902 non
830 1879 883 1902 me
917 1869 991 1905 Lea
1105 1868 1238 1904 deliciis
1270 1878 1316 1906 εα
1346 1868 1474 1904 delitiis
1506 1870 1535 1904 L
1565 1869 1699 1905 delictis
1730 1871 1768 1905 H
1796 1870 1854 1905 ‹le-

369 1922 467 1957 lectis
499 1925 535 1958 iu
567 1934 645 1958 rus.
678 1923 711 1958 R
852 1922 931 1959 434
962 1924 1057 1959 (lives
1086 1920 1154 1968 αῙ,
1191 1925 1453 1967 Plcmliniauu,
1490 1936 1557 1960 em.
1589 1925 1744 1961 HLReoe

366 1978 498 2012 curalio
529 1978 705 2014 Iahnius:
737 1979 789 2024 cf.
812 1979 991 2014 Heinsius
1021 1980 1072 2015 acl
1101 1979 1218 2015 Ovidii
1245 1984 1328 2015 met.
1362 1979 1403 2013 lV
1428 1978 1504 2015 749
1537 1979 1673 2015 Coralio
1705 1980 1756 2017 Le
1786 1981 1852 2015 Co-

367 2033 452 2068 rallo
484 2033 585 2068 HRu
698 2039 733 2068 et
762 2033 945 2070 lacrimoso
976 2034 1107 2069 electro
1139 2035 1240 2071 HRu
1270 2039 1305 2069 eL
1335 2035 1543 2070 lachrimoso
1573 2035 1685 2070 mouit
1714 2034 1852 2071 Elec-tro

366 2087 510 2134 (electro
540 2087 573 2134 ε)
604 2088 654 2126 Le
685 2100 723 2124 ac
752 2088 882 2124 electro
913 2089 1097 2125 lacrimoso
1130 2090 1302 2137 Scaliyer
1331 2094 1436 2136 atque
1466 2101 1496 2125 e.
1529 2089 1551 2125 l.
1584 2091 1756 2136 Heym'us

366 2143 496 2178 coralio
528 2149 563 2179 et
592 2144 635 2179 fr.
667 2150 727 2179 aut
757 2145 865 2180 movit
893 2144 917 2180 l.
950 2155 980 2180 e.
1013 2145 1167 2181 Loeusis
1293 2143 1371 2181 435
1404 2155 1473 2180 non
1505 2155 1559 2180 me
1589 2145 1744 2181 Loensis

366 2198 445 2234 436
475 2199 651 2235 incensam
682 2200 760 2236 Lea
789 2200 980 2236 incendens
1010 2201 1051 2236 H
1076 2199 1241 2236 incendes
1271 2201 1306 2236 R
1425 2199 1522 2235 437:
1553 2199 1606 2244 cf.
1640 2201 1708 2235 ecl.
1740 2200 1767 2233 X
1800 2200 1850 2236 69

450 2254 531 2290 uicit
561 2256 603 2290 H
629 2255 738 2290 uincit
767 2255 882 2292 LRea
1010 2254 1089 2292 438
1120 2265 1234 2302 myrra
1263 2255 1293 2290 L
1322 2256 1422 2290 mirta
1454 2255 1485 2291 R
1557 2288 1559 2290 .
1617 2254 1695 2291 439
1727 2254 1850 2290 ‹lascos

367 2309 400 2344 R
485 2309 643 2345 accendit
672 2310 746 2345 HR
832 2311 953 2357 spinus
985 2311 1205 2356 Leopardus
1235 2315 1336 2347 teste·
1354 2310 1436 2346 Nic.
1461 2309 1594 2346 Loensi
1621 2311 1645 2345 l.
1668 2311 1691 2344 l.
1716 2309 1765 2345 27

366 2364 494 2399 odores
515 2365 628 2402 HLe:
658 2365 710 2411 cf.
736 2364 812 2401 145
926 2365 1008 2402 440
1037 2365 1114 2401 Non
1143 2365 1195 2402 Le
1307 2364 1384 2400 441
1417 2376 1501 2400 vana
1522 2366 1700 2401 Heinsius
1729 2364 1850 2412 Magna

366 2419 521 2456 HLReoc
619 2431 674 2455 me
710 2430 754 2455 ne
785 2421 957 2465 Heyuius
999 2431 1043 2456 nc
1081 2415 1119 2456 ut
1155 2420 1247 2458 HLe
1283 2431 1347 2456 nec
1384 2426 1419 2456 ct
1447 2421 1509 2456 Ru
1545 2431 1610 2455 nec
1645 2430 1700 2455 me
1730 2420 1849 2456 Scali-

363 2486 433 2521 [χεν
531 2475 703 2511 alumnam
734 2476 916 2511 Heinsius
944 2476 1082 2511 alumna
1110 2476 1226 2513 LRea
1257 2473 1385 2524 alfipna
1415 2476 1456 2511 H
1583 2474 1661 2510 442
1693 2475 1746 2521 cf.
1780 2475 1847 2511 Ca-

366 2532 448 2566 tulli
475 2530 575 2565 LXlV
607 2530 684 2566 153
778 2530 967 2573 Omnibus
998 2531 1033 2566 R
1126 2530 1310 2567 tumulabit
1339 2531 1416 2568 Lea
1446 2529 1635 2566 cumulabit
1663 2530 1738 2566 HR

364 2584 443 2621 443
475 2582 620 2634 matres]
652 2586 797 2621 comites
827 2585 878 2622 Le
991 2586 1163 2622 ancillaris
1195 2586 1357 2634 Silliyius
1396 2586 1548 2621 ancillari
1578 2585 1653 2620 HR
1682 2583 1847 2620 ancillare

365 2641 442 2677 Lea
527 2641 665 2676 maritas
696 2642 729 2677 R
760 2641 906 2676 marinas
928 2643 969 2676 H
995 2646 1151 2677 cateruas
1181 2641 1259 2678 Lea
1343 2642 1533 2687 matrisque
1561 2638 1711 2675 ancillari
1743 2644 1847 2685 alque

366 2697 506 2731 maritae
528 2697 801 2743 Herczberyius
912 2695 992 2731 444
1014 2707 1114 2732 mene
1144 2697 1226 2732 alias
1246 2709 1271 2732 α
1302 2695 1462 2732 Menalias
1483 2695 1575 2731 ΗΖΕ
1606 2694 1790 2729 Moenalias
1811 2695 1846 2730 R

448 2750 528 2787 445
560 2756 619 2786 tue
649 2752 683 2787 R
796 2750 894 2786 beata
924 2753 993 2796 Le,
1032 2753 1132 2798 quod
1160 2754 1310 2798 placuit
1347 2751 1492 2787 Naelcio
1525 2750 1603 2787 Cat,
1634 2748 1713 2787 407

364 2805 443 2843 447
475 2805 526 2842 Au
556 2816 575 2844 ε
661 2807 813 2842 nicasses
843 2807 885 2843 H
911 2818 958 2842 m.
982 2807 1001 2842 1
1692 2824 1715 2843 ο
