1884 3126
709 124 844 155 essem·
875 123 901 153 t.
1519 105 1572 170 1¹9

49 243 182 283 dicere
218 242 282 282 ‘ec
311 239 538 293 quantum¹)
577 242 676 280 milei
703 244 832 279 restat
861 240 919 278 ad
945 239 1166 279 culiceml’
1208 237 1298 291 (vita
1329 238 1569 277 Suetoniana

50 324 88 363 p.
120 309 176 351 50
206 310 264 362 R.)
297 309 483 362 gloriatus
514 310 700 348 nimirum
730 320 772 347 se
802 307 1002 358 aliquanto
1033 312 1124 347 ante
1154 305 1262 345 illam
1293 310 1462 345 aetatem
1494 312 1570 357 qua

51 378 214 418 culicem
245 379 450 430 scripsisse
470 376 671 416 Maronem
702 380 916 419 constaret,
947 375 1138 426 grandius
1167 386 1210 414 se
1242 386 1343 426 opus
1375 373 1432 412 vel
1459 373 1571 426 plura

52 448 218 486 sortasse
249 446 477 485 confecisse.
537 457 628 483 num
660 443 801 495 legerit
831 443 998 483 culicem
1030 447 1289 493 nostrumque
1321 441 1462 493 legerit
1493 454 1571 480 non

52 513 184 566 liquet.
247 514 314 553 sed
346 513 492 552 Statius
530 524 620 551 cum
652 512 689 550 in
718 511 965 563 genethliaco
996 511 1141 550 Lucani
1171 515 1262 562 post
1291 522 1326 548 a.
1358 507 1414 549 90
1444 510 1570 560 scrip-

54 587 93 621 to
126 581 222 634 (silv.
254 581 287 620 11
318 579 376 633 7),
425 579 490 619 ubi
521 579 674 630 singula
717 580 801 619 eius
831 580 1006 618 carmina
1037 577 1253 618 secundum
1285 589 1478 616 annorum
1509 588 1572 615 or-

54 650 184 689 dinem
217 653 409 693 recenset,
442 648 644 698 praeeocis
664 648 812 697 ingenii
834 652 989 699 poetam
1013 659 1090 686 non
1112 646 1258 686 Iliacon
1280 650 1431 685 tantum
1451 644 1574 684 libros

51 717 220 756 ‘teneris
249 716 378 755 adhuc
409 716 446 754 in
477 716 612 754 annis'
646 715 692 767 (V.
713 712 780 766 54)
815 720 854 754 et
883 714 1158 754 catachthonia
1181 719 1219 753 et
1249 712 1386 752 laudes
1406 713 1574 752 Neronis

53 790 91 823 et.
129 783 329 836 Orpheum
370 788 407 822 et
444 782 668 822 incendium
707 781 815 822 urbis
854 784 946 822 anni
983 780 1039 822 64
1075 781 1302 834 scripsisse,
1347 780 1416 820 sed
1456 782 1572 820 etiam

54 854 170 891 ‘mox
202 857 340 903 coepta
370 851 668 901 generosiorem
698 851 879 889 iuventa’
914 850 959 901 (v.
983 847 1050 902 64)
1082 849 1307 889 Pharsalica
1340 847 1441 887 bella
1464 847 1574 887 deto-

54 920 216 964 navisse‚
251 920 347 958 haec
377 924 507 958 autem
538 919 669 957 omnia
700 919 852 969 ‘primo
883 919 1064 956 iuvenem
1096 916 1168 956 sub
1198 929 1292 956 aevo
1322 921 1418 955 ante
1447 927 1576 955 annos

52 989 191 1026 culicis
208 987 482 1041 ,Maroniani’
524 985 570 1037 (v.
603 983 656 1025 73
687 985 760 1036 sq.)
793 986 982 1025 cecinisse
1016 989 1184 1024 testetur
1215 990 1348 1036 aperta
1381 984 1426 1023 ad
1459 975 1573 1036 prae—

56 1054 241 1093 fationem
273 1053 378 1092 illam
401 1053 549 1092 Lucani
580 1043 902 1098 adlusionejaut
932 1052 1081 1092 nefarie
1111 1053 1300 1091 mentitus
1330 1056 1368 1090 et
1398 1049 1576 1091 adulatus

56 1129 114 1160 est
149 1126 216 1160 aut
247 1134 324 1160 non
353 1120 456 1166 XVI,
495 1121 564 1160 sed
594 1120 713 1161 Xxvt
742 1133 936 1160 annorum
974 1116 1149 1159 iuvenem
1190 1118 1326 1158 culicis
1365 1119 1440 1158 fata
1473 1121 1573 1159 ceci-

56 1190 160 1228 nisse
191 1194 415 1240 acceperat:
450 1194 488 1227 et
519 1188 628 1227 video
660 1188 909 1227 Franciscum
942 1187 1141 1227 Oudinum
1173 1199 1330 1239 quoque
1363 1199 1573 1226 numerum

54 1256 156 1307 apud
188 1256 378 1295 Donatum
420 1255 557 1294 codem
599 1255 715 1294 modo
753 1255 956 1294 emendari
994 1254 1176 1294 voluisse.
1237 1261 1275 1294 at
1306 1254 1411 1293 hunc
1442 1257 1575 1306 pueri-

55 1323 131 1362 lem
162 1328 327 1362 aetatem
359 1322 622 1373 (lesignavisse
644 1322 768 1362 Focas
798 1322 951 1374 probat,
985 1324 1052 1373 qui
1073 1322 1210 1362 culicis
1231 1324 1462 1362 memoriam
1485 1328 1575 1363 ante

53 1391 207 1430 Sironis
237 1390 482 1442 disciplinam
513 1396 550 1429 et
580 1391 746 1442 primam
778 1390 1041 1429 adulescentis
1070 1391 1110 1429 in
1140 1389 1280 1429 urbem
1301 1391 1574 1442 migrationem

55 1459 232 1497 inseruit.
293 1457 457 1497 alterum
485 1458 609 1506 Statii,
642 1471 720 1510 quo
751 1457 892 1509 legisse
923 1470 965 1496 se
996 1458 1161 1497 culicem
1192 1459 1412 1509 profitetur,
1446 1458 1573 1498 locum

58 1538 103 1564 cx
142 1526 382 1577 praefatione
422 1525 468 1563 ad
508 1524 692 1564 silvarum
732 1524 875 1564 librum
905 1524 920 1563 1
952 1537 1069 1576 supra
1102 1526 1395 1576 exscripsimus.
1457 1531 1573 1577 atque

57 1598 99 1630 ut
142 1592 205 1631 liic
242 1604 332 1631 cum
373 1591 804 1644 batrachomyomachia
843 1592 1005 1631 Homeri
1049 1592 1216 1632 culicem
1262 1595 1484 1645 composuit
1521 1596 1572 1634 ita

58 1659 241 1698 Martialis
277 1664 364 1710 post
401 1658 476 1697 duo
508 1659 808 1710 epigrammata,
849 1670 1015 1709 quorum
1046 1660 1178 1711 priore
1210 1659 1573 1713 bati-achomyoma-

57 1725 166 1764 chiae
197 1725 295 1778 (xlv
327 1723 440 1776 183),
481 1724 604 1764 altero
637 1723 744 1777 (184)
783 1725 912 1765 Iliadis
943 1731 983 1766 et
1012 1726 1208 1779 Odysseae
1240 1728 1441 1780 exemplar
1471 1730 1572 1768 indi-

56 1798 129 1836 cat,
161 1791 324 1831 culicem
355 1792 415 1831 his
447 1790 554 1844 (185)

258 1897 377 1945 accipe
408 1896 550 1933 facundi
582 1896 750 1938 culicem,
782 1897 966 1939 studiose,
999 1898 1166 1940 Maronis,

324 1963 369 1988 ne
399 1952 552 1988 nucibus
583 1955 712 2001 positis
742 1965 839 1990 arma
869 1955 1055 2003 virumque
1087 1956 1198 2003 legas.

56 2069 95 2102 et
124 2062 310 2113 deinceps
333 2061 439 2115 (186)
469 2065 540 2102 tria
572 2065 714 2115 opinor
744 2064 905 2115 Vergilii
936 2078 1055 2116 opera
1085 2078 1165 2104 uno
1197 2065 1394 2112 volumine
1425 2068 1574 2108 inclusa

56 2130 117 2168 his
151 2129 358 2169 describit:

274 2234 380 2270 quam
414 2223 531 2260 brevis
559 2224 770 2260 immensum
802 2225 898 2272 cepit
930 2224 1132 2261 membrana
1163 2224 1361 2263 Maronem!

325 2280 441 2328 ipsius
471 2280 590 2316 voltus
623 2281 734 2328 prima
768 2279 896 2317 tabella
928 2282 1035 2329 gerit.

56 2389 198 2440 quibus
229 2389 419 2429 docemur
449 2391 662 2440 separatim
693 2403 714 2428 a
746 2390 934 2430 bucolicis
965 2392 1161 2442 georgicis
1182 2397 1221 2431 et
1241 2393 1415 2433 Aeneide
1437 2395 1574 2435 culicis

57 2455 293 2508 exemplaria
324 2456 594 2496 Saturnalibus
624 2459 715 2496 anni
746 2455 802 2497 90
832 2458 889 2497 vel
919 2456 971 2497 91
1006 2459 1063 2498 vel
1089 2457 1144 2499 92
1166 2460 1227 2511 (eo
1258 2462 1364 2500 enim
1397 2468 1574 2515 tempore

57 2523 245 2562 Martialis
283 2522 426 2562 librum
458 2523 542 2563 XlV
578 2526 767 2576 scriptum
807 2538 893 2565 esse
932 2526 1066 2565 docuit
1095 2527 1438 2582 Friedlaenderus)
1476 2532 1574 2570 facta

150 2702 174 2745 ¹)
201 2708 396 2746 ecquantum
421 2703 544 2750 extitit
568 2704 630 2745 qui
655 2704 841 2737 emendari
864 2715 980 2749 nuper
998 2706 1143 2741 iuberet
1166 2708 1203 2740 in
1229 2718 1312 2742 ann.
1330 2709 1468 2752 philoll.
1488 2711 1575 2750 1856

59 2768 93 2800 p.
119 2760 202 2801 560,
234 2760 391 2792 fortasse
422 2763 540 2797 recte,
577 2760 641 2793 sed
671 2763 919 2794 necessarium
944 2773 1023 2795 esse
1049 2774 1156 2806 nego.
1203 2775 1347 2806 prosam
1373 2767 1576 2799 orationem

61 2824 155 2856 esse,
180 2825 250 2846 uon
274 2825 445 2848 versuum
471 2816 628 2848 frustula
655 2817 802 2850 facilius
830 2819 952 2852 credo,

1210 2876 1269 2915 2³5:
