<?xml version="1.0" encoding="UTF-8"?>
<!DOCTYPE html PUBLIC "-//W3C//DTD XHTML 1.0 Transitional//EN"
    "http://www.w3.org/TR/xhtml1/DTD/xhtml1-transitional.dtd">
<html xmlns="http://www.w3.org/1999/xhtml" xml:lang="en" lang="en">
 <head>
  <title>
</title>
<meta http-equiv="Content-Type" content="text/html;charset=utf-8" />
  <meta name='ocr-system' content='tesseract 3.04.00' />
  <meta name='ocr-capabilities' content='ocr_page ocr_carea ocr_par ocr_line ocrx_word'/>
</head>
<body>
  <div class='ocr_page' id='page_1' title='image "./operavirg04virguoft_0034.png"; bbox 0 0 1884 3126; ppageno 0'>
   <div class='ocr_carea' id='block_1_1' title="bbox 330 139 1301 193">
    <p class='ocr_par' dir='ltr' id='par_1_1' title="bbox 330 139 1301 193">
     <span class='ocr_line' id='line_1_1' title="bbox 330 139 1301 193; baseline 0.006 -7"><span class='ocrx_word' id='word_1_1' title='bbox 330 139 381 186; x_wconf 82' lang='grc'>14</span> <span class='ocrx_word' id='word_1_2' title='bbox 972 161 1301 193; x_wconf 71' lang='lat' dir='ltr'>PROLEGOMENON</span> 
     </span>
    </p>
   </div>
   <div class='ocr_carea' id='block_1_2' title="bbox 325 269 1811 386">
    <p class='ocr_par' dir='ltr' id='par_1_2' title="bbox 325 269 1811 386">
     <span class='ocr_line' id='line_1_2' title="bbox 325 269 1811 316; baseline 0.006 -10"><span class='ocrx_word' id='word_1_3' title='bbox 325 269 485 307; x_wconf 89' lang='lat' dir='ltr'>Ausonii</span> <span class='ocrx_word' id='word_1_4' title='bbox 522 270 634 309; x_wconf 89' lang='lat' dir='ltr'>etiam</span> <span class='ocrx_word' id='word_1_5' title='bbox 673 276 796 310; x_wconf 88' lang='lat' dir='ltr'>aetate</span> <span class='ocrx_word' id='word_1_6' title='bbox 839 271 1045 312; x_wconf 83' lang='lat' dir='ltr'>lectitatam</span> <span class='ocrx_word' id='word_1_7' title='bbox 1082 274 1199 313; x_wconf 84' lang='lat' dir='ltr'>fuisse</span> <span class='ocrx_word' id='word_1_8' title='bbox 1236 274 1590 314; x_wconf 81' lang='lat' dir='ltr'>demonstravimus.</span> <span class='ocrx_word' id='word_1_9' title='bbox 1649 276 1723 315; x_wconf 84' lang='lat' dir='ltr'>iam</span> <span class='ocrx_word' id='word_1_10' title='bbox 1763 274 1811 316; x_wconf 87' lang='lat' dir='ltr'>de</span> 
     </span>
     <span class='ocr_line' id='line_1_3' title="bbox 327 335 929 386; baseline 0.007 -14"><span class='ocrx_word' id='word_1_11' title='bbox 327 335 464 373; x_wconf 88' lang='lat' dir='ltr'>ceteris</span> <span class='ocrx_word' id='word_1_12' title='bbox 494 336 687 386; x_wconf 87' lang='lat' dir='ltr'><strong>opusculis</strong></span> <span class='ocrx_word' id='word_1_13' title='bbox 723 337 929 376; x_wconf 90' lang='lat' dir='ltr'>videamus.</span> 
     </span>
    </p>
   </div>
   <div class='ocr_carea' id='block_1_3' title="bbox 319 534 1811 1841">
    <p class='ocr_par' dir='ltr' id='par_1_3' title="bbox 319 534 1811 1841">
     <span class='ocr_line' id='line_1_4' title="bbox 436 534 1811 595; baseline 0.006 -23"><span class='ocrx_word' id='word_1_14' title='bbox 436 534 494 573; x_wconf 88' lang='lat' dir='ltr'>Co</span> <span class='ocrx_word' id='word_1_15' title='bbox 498 547 528 583; x_wconf 80' lang='lat' dir='ltr'><strong>p</strong></span> <span class='ocrx_word' id='word_1_16' title='bbox 539 546 564 572; x_wconf 82' lang='lat' dir='ltr'>a</span> <span class='ocrx_word' id='word_1_17' title='bbox 594 535 760 585; x_wconf 82' lang='lat' dir='ltr'>Vergilio</span> <span class='ocrx_word' id='word_1_18' title='bbox 783 541 821 575; x_wconf 85' lang='lat' dir='ltr'>et</span> <span class='ocrx_word' id='word_1_19' title='bbox 841 537 1017 576; x_wconf 87' lang='lat' dir='ltr'>codicum</span> <span class='ocrx_word' id='word_1_20' title='bbox 1039 542 1259 577; x_wconf 87' lang='lat' dir='ltr'>nostrorum</span> <span class='ocrx_word' id='word_1_21' title='bbox 1283 538 1434 590; x_wconf 75' lang='lat' dir='ltr'><em>(BPFZ)</em></span> <span class='ocrx_word' id='word_1_22' title='bbox 1466 545 1503 579; x_wconf 81' lang='lat' dir='ltr'>et</span> <span class='ocrx_word' id='word_1_23' title='bbox 1523 540 1685 580; x_wconf 84' lang='lat' dir='ltr'>Charisii</span> <span class='ocrx_word' id='word_1_24' title='bbox 1705 543 1811 595; x_wconf 71' lang='lat' dir='ltr'>testi-</span> 
     </span>
     <span class='ocr_line' id='line_1_5' title="bbox 325 600 1811 657; baseline 0.007 -20"><span class='ocrx_word' id='word_1_25' title='bbox 325 600 454 638; x_wconf 91' lang='lat' dir='ltr'>monio</span> <span class='ocrx_word' id='word_1_26' title='bbox 483 601 667 640; x_wconf 79' lang='lat' dir='ltr'>tribuitur</span> <span class='ocrx_word' id='word_1_27' title='bbox 695 602 770 640; x_wconf 85' lang='lat' dir='ltr'>hoc</span> <span class='ocrx_word' id='word_1_28' title='bbox 791 615 827 652; x_wconf 91' lang='lat' dir='ltr'>p.</span> <span class='ocrx_word' id='word_1_29' title='bbox 850 600 902 641; x_wconf 85' lang='lat'>47</span> <span class='ocrx_word' id='word_1_30' title='bbox 925 603 965 642; x_wconf 94' lang='lat' dir='ltr'><strong>P.</strong></span> <span class='ocrx_word' id='word_1_31' title='bbox 997 604 1238 643; x_wconf 70' lang='lat' dir='ltr'>ecommunia</span> <span class='ocrx_word' id='word_1_32' title='bbox 1260 617 1360 656; x_wconf 81' lang='lat' dir='ltr'>cupo</span> <span class='ocrx_word' id='word_1_33' title='bbox 1381 607 1552 657; x_wconf 88' lang='lat' dir='ltr'>cuponis,</span> <span class='ocrx_word' id='word_1_34' title='bbox 1585 607 1679 646; x_wconf 87' lang='lat' dir='ltr'>fullo</span> <span class='ocrx_word' id='word_1_35' title='bbox 1699 608 1811 647; x_wconf 84' lang='lat' dir='ltr'>fullo-</span> 
     </span>
     <span class='ocr_line' id='line_1_6' title="bbox 323 665 1811 725; baseline 0.007 -23"><span class='ocrx_word' id='word_1_36' title='bbox 323 665 403 709; x_wconf 91' lang='lat' dir='ltr'>nis;</span> <span class='ocrx_word' id='word_1_37' title='bbox 435 669 613 714; x_wconf 73' lang='lat' dir='ltr'>quamvis</span> <span class='ocrx_word' id='word_1_38' title='bbox 640 669 836 716; x_wconf 67' lang='lat' dir='ltr'>Vergsilz&#39;us</span> <span class='ocrx_word' id='word_1_39' title='bbox 863 670 1007 708; x_wconf 76' lang='lat' dir='ltr'>librum</span> <span class='ocrx_word' id='word_1_40' title='bbox 1035 682 1146 709; x_wconf 82' lang='lat' dir='ltr'>suum</span> <span class='ocrx_word' id='word_1_41' title='bbox 1178 672 1326 720; x_wconf 80' lang='lat' dir='ltr'>Cupam</span> <span class='ocrx_word' id='word_1_42' title='bbox 1355 675 1635 722; x_wconf 71' lang='lat' dir='ltr'>inscripserit’,</span> <span class='ocrx_word' id='word_1_43' title='bbox 1668 675 1707 712; x_wconf 89' lang='lat' dir='ltr'>in</span> <span class='ocrx_word' id='word_1_44' title='bbox 1736 687 1811 725; x_wconf 91' lang='lat' dir='ltr'>quo</span> 
     </span>
     <span class='ocr_line' id='line_1_7' title="bbox 323 730 1810 790; baseline 0.008 -23"><span class='ocrx_word' id='word_1_45' title='bbox 323 730 570 781; x_wconf 84' lang='lat' dir='ltr'>infringendo</span> <span class='ocrx_word' id='word_1_46' title='bbox 600 733 768 783; x_wconf 88' lang='lat' dir='ltr'>llgenius</span> <span class='ocrx_word' id='word_1_47' title='bbox 806 735 1179 774; x_wconf 87' lang='lat' dir='ltr'>animadversionum</span> <span class='ocrx_word' id='word_1_48' title='bbox 1209 750 1246 788; x_wconf 89' lang='lat' dir='ltr'>p.</span> <span class='ocrx_word' id='word_1_49' title='bbox 1281 736 1331 775; x_wconf 79' lang='lat'>12</span> <span class='ocrx_word' id='word_1_50' title='bbox 1362 751 1443 789; x_wconf 88' lang='lat' dir='ltr'><strong>sqq.</strong></span> <span class='ocrx_word' id='word_1_51' title='bbox 1478 751 1564 777; x_wconf 88' lang='lat' dir='ltr'>cum</span> <span class='ocrx_word' id='word_1_52' title='bbox 1602 740 1810 790; x_wconf 88' lang='lat' dir='ltr'>interpola-</span> 
     </span>
     <span class='ocr_line' id='line_1_8' title="bbox 322 800 1811 854; baseline 0.008 -21"><span class='ocrx_word' id='word_1_53' title='bbox 322 801 402 834; x_wconf 87' lang='lat' dir='ltr'>tum</span> <span class='ocrx_word' id='word_1_54' title='bbox 442 809 525 835; x_wconf 89' lang='lat' dir='ltr'>esse</span> <span class='ocrx_word' id='word_1_55' title='bbox 562 800 736 849; x_wconf 79' lang='lat' dir='ltr'>opinanti</span> <span class='ocrx_word' id='word_1_56' title='bbox 765 800 912 850; x_wconf 82' lang='lat' dir='ltr'>Heynio</span> <span class='ocrx_word' id='word_1_57' title='bbox 942 801 1172 847; x_wconf 81' lang='lat' dir='ltr'>adsentiret‚</span> <span class='ocrx_word' id='word_1_58' title='bbox 1212 803 1354 842; x_wconf 87' lang='lat' dir='ltr'>frustra</span> <span class='ocrx_word' id='word_1_59' title='bbox 1384 810 1580 854; x_wconf 85' lang='lat' dir='ltr'>argutatus</span> <span class='ocrx_word' id='word_1_60' title='bbox 1611 811 1679 844; x_wconf 83' lang='lat' dir='ltr'>est.</span> <span class='ocrx_word' id='word_1_61' title='bbox 1739 818 1811 844; x_wconf 85' lang='lat' dir='ltr'>nec</span> 
     </span>
     <span class='ocr_line' id='line_1_9' title="bbox 323 862 1811 923; baseline 0.008 -24"><span class='ocrx_word' id='word_1_62' title='bbox 323 862 554 902; x_wconf 79' lang='lat' dir='ltr'>dubitavisse</span> <span class='ocrx_word' id='word_1_63' title='bbox 594 865 742 903; x_wconf 88' lang='lat' dir='ltr'>videtur</span> <span class='ocrx_word' id='word_1_64' title='bbox 779 866 826 904; x_wconf 89' lang='lat' dir='ltr'>de</span> <span class='ocrx_word' id='word_1_65' title='bbox 864 866 979 905; x_wconf 91' lang='lat' dir='ltr'>huius</span> <span class='ocrx_word' id='word_1_66' title='bbox 1017 869 1227 907; x_wconf 83' lang='lat' dir='ltr'>memoriae</span> <span class='ocrx_word' id='word_1_67' title='bbox 1261 869 1337 908; x_wconf 88' lang='lat' dir='ltr'>fide</span> <span class='ocrx_word' id='word_1_68' title='bbox 1366 870 1634 910; x_wconf 87' lang='lat' dir='ltr'>Lachmannus</span> <span class='ocrx_word' id='word_1_69' title='bbox 1672 873 1732 923; x_wconf 83' lang='lat' dir='ltr'><strong>(cf.</strong></span> <span class='ocrx_word' id='word_1_70' title='bbox 1764 872 1811 910; x_wconf 89' lang='lat' dir='ltr'>ad</span> 
     </span>
     <span class='ocr_line' id='line_1_10' title="bbox 322 927 1810 989; baseline 0.007 -23"><span class='ocrx_word' id='word_1_71' title='bbox 322 927 435 967; x_wconf 89' lang='lat' dir='ltr'>Lucr.</span> <span class='ocrx_word' id='word_1_72' title='bbox 457 929 506 967; x_wconf 94' lang='lat' dir='ltr'>lll</span> <span class='ocrx_word' id='word_1_73' title='bbox 533 928 615 969; x_wconf 84' lang='lat'>374</span> <span class='ocrx_word' id='word_1_74' title='bbox 642 943 677 981; x_wconf 89' lang='lat' dir='ltr'>p.</span> <span class='ocrx_word' id='word_1_75' title='bbox 711 929 822 982; x_wconf 81' lang='lat'>165):</span> <span class='ocrx_word' id='word_1_76' title='bbox 855 932 1112 983; x_wconf 81' lang='lat' dir='ltr'>Scaligerum‚</span> <span class='ocrx_word' id='word_1_77' title='bbox 1145 936 1211 985; x_wconf 93' lang='lat' dir='ltr'>qui</span> <span class='ocrx_word' id='word_1_78' title='bbox 1240 935 1287 973; x_wconf 91' lang='lat' dir='ltr'>ad</span> <span class='ocrx_word' id='word_1_79' title='bbox 1309 935 1518 986; x_wconf 84' lang='lat' dir='ltr'>Vergilium</span> <span class='ocrx_word' id='word_1_80' title='bbox 1548 950 1686 988; x_wconf 89' lang='lat' dir='ltr'>poema</span> <span class='ocrx_word' id='word_1_81' title='bbox 1714 938 1810 989; x_wconf 90' lang='lat' dir='ltr'>lepi-</span> 
     </span>
     <span class='ocr_line' id='line_1_11' title="bbox 323 993 1808 1054; baseline 0.007 -22"><span class='ocrx_word' id='word_1_82' title='bbox 323 993 523 1034; x_wconf 87' lang='lat' dir='ltr'>dissimum</span> <span class='ocrx_word' id='word_1_83' title='bbox 559 997 709 1035; x_wconf 79' lang='lat' dir='ltr'>referre</span> <span class='ocrx_word' id='word_1_84' title='bbox 739 1009 817 1036; x_wconf 89' lang='lat' dir='ltr'>non</span> <span class='ocrx_word' id='word_1_85' title='bbox 847 999 1032 1044; x_wconf 85' lang='lat' dir='ltr'>audebat,</span> <span class='ocrx_word' id='word_1_86' title='bbox 1073 999 1240 1039; x_wconf 87' lang='lat' dir='ltr'>Naekius</span> <span class='ocrx_word' id='word_1_87' title='bbox 1272 1001 1438 1051; x_wconf 83' lang='lat' dir='ltr'>(Catonis</span> <span class='ocrx_word' id='word_1_88' title='bbox 1467 1016 1504 1054; x_wconf 90' lang='lat' dir='ltr'>p.</span> <span class='ocrx_word' id='word_1_89' title='bbox 1535 1002 1617 1043; x_wconf 83' lang='lat'>238</span> <span class='ocrx_word' id='word_1_90' title='bbox 1647 1003 1717 1054; x_wconf 91' lang='lat' dir='ltr'>sq.)</span> <span class='ocrx_word' id='word_1_91' title='bbox 1749 1016 1808 1042; x_wconf 86' lang='lat' dir='ltr'>se-</span> 
     </span>
     <span class='ocr_line' id='line_1_12' title="bbox 322 1063 1810 1119; baseline 0.006 -20"><span class='ocrx_word' id='word_1_92' title='bbox 322 1065 432 1100; x_wconf 86' lang='lat' dir='ltr'>cutus</span> <span class='ocrx_word' id='word_1_93' title='bbox 461 1063 586 1112; x_wconf 91' lang='lat' dir='ltr'>ipsum</span> <span class='ocrx_word' id='word_1_94' title='bbox 618 1064 700 1101; x_wconf 90' lang='lat' dir='ltr'>eius</span> <span class='ocrx_word' id='word_1_95' title='bbox 729 1065 897 1102; x_wconf 86' lang='lat' dir='ltr'>nitorem</span> <span class='ocrx_word' id='word_1_96' title='bbox 925 1064 973 1102; x_wconf 87' lang='lat' dir='ltr'>ab</span> <span class='ocrx_word' id='word_1_97' title='bbox 1004 1065 1188 1104; x_wconf 88' lang='lat' dir='ltr'>Ovidiana</span> <span class='ocrx_word' id='word_1_98' title='bbox 1216 1068 1379 1117; x_wconf 91' lang='lat' dir='ltr'>propius</span> <span class='ocrx_word' id='word_1_99' title='bbox 1408 1079 1522 1117; x_wconf 87' lang='lat' dir='ltr'>quam</span> <span class='ocrx_word' id='word_1_100' title='bbox 1553 1081 1573 1106; x_wconf 87' lang='lat' dir='ltr'>a</span> <span class='ocrx_word' id='word_1_101' title='bbox 1594 1070 1810 1119; x_wconf 87' lang='lat' dir='ltr'>Vergiliana</span> 
     </span>
     <span class='ocr_line' id='line_1_13' title="bbox 322 1127 1810 1186; baseline 0.007 -22"><span class='ocrx_word' id='word_1_102' title='bbox 322 1131 445 1165; x_wconf 83' lang='lat' dir='ltr'>aetate</span> <span class='ocrx_word' id='word_1_103' title='bbox 475 1127 609 1167; x_wconf 89' lang='lat' dir='ltr'>abesse</span> <span class='ocrx_word' id='word_1_104' title='bbox 639 1130 776 1172; x_wconf 87' lang='lat' dir='ltr'>sensit;</span> <span class='ocrx_word' id='word_1_105' title='bbox 818 1130 885 1168; x_wconf 86' lang='lat' dir='ltr'>sed</span> <span class='ocrx_word' id='word_1_106' title='bbox 916 1136 1247 1180; x_wconf 84' lang='lat' dir='ltr'>pentametrorum</span> <span class='ocrx_word' id='word_1_107' title='bbox 1278 1134 1403 1172; x_wconf 84' lang='lat' dir='ltr'>exitus</span> <span class='ocrx_word' id='word_1_108' title='bbox 1430 1134 1693 1185; x_wconf 84' lang='lat' dir='ltr'>Propertianis</span> <span class='ocrx_word' id='word_1_109' title='bbox 1714 1135 1810 1186; x_wconf 88' lang='lat' dir='ltr'>(pot-</span> 
     </span>
     <span class='ocr_line' id='line_1_14' title="bbox 322 1195 1810 1249; baseline 0.007 -19"><span class='ocrx_word' id='word_1_110' title='bbox 322 1198 405 1230; x_wconf 88' lang='lat' dir='ltr'>erat</span> <span class='ocrx_word' id='word_1_111' title='bbox 448 1195 563 1232; x_wconf 88' lang='lat' dir='ltr'>etiam</span> <span class='ocrx_word' id='word_1_112' title='bbox 601 1195 830 1235; x_wconf 87' lang='lat' dir='ltr'>Catullianos</span> <span class='ocrx_word' id='word_1_113' title='bbox 869 1196 1010 1248; x_wconf 79' lang='lat' dir='ltr'>dicere)</span> <span class='ocrx_word' id='word_1_114' title='bbox 1056 1198 1178 1236; x_wconf 90' lang='lat' dir='ltr'>multo</span> <span class='ocrx_word' id='word_1_115' title='bbox 1216 1199 1423 1238; x_wconf 87' lang='lat' dir='ltr'>similiores</span> <span class='ocrx_word' id='word_1_116' title='bbox 1462 1212 1577 1249; x_wconf 89' lang='lat' dir='ltr'>quam</span> <span class='ocrx_word' id='word_1_117' title='bbox 1614 1201 1810 1240; x_wconf 87' lang='lat' dir='ltr'>Ovidianis</span> 
     </span>
     <span class='ocr_line' id='line_1_15' title="bbox 324 1261 1808 1316; baseline 0.006 -19"><span class='ocrx_word' id='word_1_118' title='bbox 324 1271 409 1297; x_wconf 85' lang='lat' dir='ltr'>esse</span> <span class='ocrx_word' id='word_1_119' title='bbox 448 1261 598 1299; x_wconf 89' lang='lat' dir='ltr'>monuit</span> <span class='ocrx_word' id='word_1_120' title='bbox 634 1261 919 1311; x_wconf 86' lang='lat' dir='ltr'>Hertzbergius.</span> <span class='ocrx_word' id='word_1_121' title='bbox 978 1275 1022 1301; x_wconf 87' lang='lat' dir='ltr'>ac</span> <span class='ocrx_word' id='word_1_122' title='bbox 1060 1263 1226 1302; x_wconf 89' lang='lat' dir='ltr'>dubitari</span> <span class='ocrx_word' id='word_1_123' title='bbox 1262 1265 1309 1303; x_wconf 91' lang='lat' dir='ltr'>de</span> <span class='ocrx_word' id='word_1_124' title='bbox 1340 1271 1498 1305; x_wconf 85' lang='lat' dir='ltr'>auctore</span> <span class='ocrx_word' id='word_1_125' title='bbox 1529 1279 1642 1316; x_wconf 89' lang='lat' dir='ltr'>posse</span> <span class='ocrx_word' id='word_1_126' title='bbox 1672 1279 1808 1306; x_wconf 88' lang='lat' dir='ltr'>eonce-</span> 
     </span>
     <span class='ocr_line' id='line_1_16' title="bbox 322 1325 1810 1381; baseline 0.007 -19"><span class='ocrx_word' id='word_1_127' title='bbox 322 1325 472 1363; x_wconf 87' lang='lat' dir='ltr'>demus:</span> <span class='ocrx_word' id='word_1_128' title='bbox 512 1338 601 1365; x_wconf 89' lang='lat' dir='ltr'>nam</span> <span class='ocrx_word' id='word_1_129' title='bbox 633 1328 828 1366; x_wconf 89' lang='lat' dir='ltr'>Charisius</span> <span class='ocrx_word' id='word_1_130' title='bbox 859 1325 1032 1377; x_wconf 86' lang='lat' dir='ltr'>quamvis</span> <span class='ocrx_word' id='word_1_131' title='bbox 1062 1329 1135 1368; x_wconf 88' lang='lat' dir='ltr'>hoc</span> <span class='ocrx_word' id='word_1_132' title='bbox 1165 1342 1317 1381; x_wconf 85' lang='lat' dir='ltr'>quoque</span> <span class='ocrx_word' id='word_1_133' title='bbox 1346 1331 1431 1370; x_wconf 89' lang='lat' dir='ltr'>loco</span> <span class='ocrx_word' id='word_1_134' title='bbox 1462 1332 1501 1371; x_wconf 94' lang='lat' dir='ltr'>C.</span> <span class='ocrx_word' id='word_1_135' title='bbox 1531 1331 1616 1371; x_wconf 90' lang='lat' dir='ltr'>Iulii</span> <span class='ocrx_word' id='word_1_136' title='bbox 1645 1333 1810 1372; x_wconf 89' lang='lat' dir='ltr'>Romani</span> 
     </span>
     <span class='ocr_line' id='line_1_17' title="bbox 321 1393 1810 1450; baseline 0.006 -21"><span class='ocrx_word' id='word_1_137' title='bbox 321 1393 546 1430; x_wconf 85' lang='lat' dir='ltr'>auctoritate</span> <span class='ocrx_word' id='word_1_138' title='bbox 585 1406 678 1432; x_wconf 90' lang='lat' dir='ltr'>usus</span> <span class='ocrx_word' id='word_1_139' title='bbox 716 1406 798 1432; x_wconf 87' lang='lat' dir='ltr'>esse</span> <span class='ocrx_word' id='word_1_140' title='bbox 835 1400 1040 1438; x_wconf 85' lang='lat' dir='ltr'>statuatur,</span> <span class='ocrx_word' id='word_1_141' title='bbox 1080 1398 1185 1435; x_wconf 88' lang='lat' dir='ltr'>tertii</span> <span class='ocrx_word' id='word_1_142' title='bbox 1214 1410 1250 1448; x_wconf 88' lang='lat' dir='ltr'>p.</span> <span class='ocrx_word' id='word_1_143' title='bbox 1284 1397 1373 1436; x_wconf 86' lang='lat' dir='ltr'>Chr.</span> <span class='ocrx_word' id='word_1_144' title='bbox 1404 1397 1547 1436; x_wconf 84' lang='lat' dir='ltr'>saeculi</span> <span class='ocrx_word' id='word_1_145' title='bbox 1583 1399 1693 1438; x_wconf 90' lang='lat' dir='ltr'>initio</span> <span class='ocrx_word' id='word_1_146' title='bbox 1723 1401 1810 1450; x_wconf 90' lang='lat' dir='ltr'>quis</span> 
     </span>
     <span class='ocr_line' id='line_1_18' title="bbox 320 1457 1809 1515; baseline 0.007 -21"><span class='ocrx_word' id='word_1_147' title='bbox 320 1457 473 1495; x_wconf 87' lang='lat' dir='ltr'>habitus</span> <span class='ocrx_word' id='word_1_148' title='bbox 509 1460 574 1503; x_wconf 86' lang='lat' dir='ltr'>sit,</span> <span class='ocrx_word' id='word_1_149' title='bbox 620 1472 699 1498; x_wconf 88' lang='lat' dir='ltr'>non</span> <span class='ocrx_word' id='word_1_150' title='bbox 729 1459 818 1509; x_wconf 75' lang='lat' dir='ltr'>&#39;quis</span> <span class='ocrx_word' id='word_1_151' title='bbox 856 1468 993 1511; x_wconf 82' lang='lat' dir='ltr'>reapse</span> <span class='ocrx_word' id='word_1_152' title='bbox 1030 1463 1145 1500; x_wconf 82' lang='lat' dir='ltr'>fuerit</span> <span class='ocrx_word' id='word_1_153' title='bbox 1181 1468 1315 1501; x_wconf 84' lang='lat' dir='ltr'>auctor</span> <span class='ocrx_word' id='word_1_154' title='bbox 1352 1468 1516 1502; x_wconf 86' lang='lat' dir='ltr'>testatur</span> <span class='ocrx_word' id='word_1_155' title='bbox 1561 1464 1621 1515; x_wconf 84' lang='lat' dir='ltr'><strong>(cf.</strong></span> <span class='ocrx_word' id='word_1_156' title='bbox 1654 1466 1809 1504; x_wconf 86' lang='lat' dir='ltr'>Schott-</span> 
     </span>
     <span class='ocr_line' id='line_1_19' title="bbox 320 1523 1809 1582; baseline 0.007 -22"><span class='ocrx_word' id='word_1_157' title='bbox 320 1523 497 1562; x_wconf 89' lang='lat' dir='ltr'>muelleri</span> <span class='ocrx_word' id='word_1_158' title='bbox 528 1525 575 1562; x_wconf 88' lang='lat' dir='ltr'>de</span> <span class='ocrx_word' id='word_1_159' title='bbox 605 1525 643 1563; x_wconf 90' lang='lat' dir='ltr'>C.</span> <span class='ocrx_word' id='word_1_160' title='bbox 676 1524 790 1564; x_wconf 83' lang='lat' dir='ltr'>Plinii</span> <span class='ocrx_word' id='word_1_161' title='bbox 820 1526 991 1564; x_wconf 85' lang='lat' dir='ltr'>Secundi</span> <span class='ocrx_word' id='word_1_162' title='bbox 1021 1526 1130 1566; x_wconf 87' lang='lat' dir='ltr'>libris</span> <span class='ocrx_word' id='word_1_163' title='bbox 1159 1530 1418 1578; x_wconf 84' lang='lat' dir='ltr'>grammaticis</span> <span class='ocrx_word' id='word_1_164' title='bbox 1447 1542 1484 1579; x_wconf 91' lang='lat' dir='ltr'>p.</span> <span class='ocrx_word' id='word_1_165' title='bbox 1505 1527 1561 1568; x_wconf 80' lang='lat'>20</span> <span class='ocrx_word' id='word_1_166' title='bbox 1579 1530 1692 1582; x_wconf 87' lang='lat' dir='ltr'><strong>sqq.).</strong></span> <span class='ocrx_word' id='word_1_167' title='bbox 1742 1532 1809 1570; x_wconf 88' lang='lat' dir='ltr'>sed</span> 
     </span>
     <span class='ocr_line' id='line_1_20' title="bbox 320 1590 1809 1637; baseline 0.005 -10"><span class='ocrx_word' id='word_1_168' title='bbox 320 1590 441 1628; x_wconf 89' lang='lat' dir='ltr'>multo</span> <span class='ocrx_word' id='word_1_169' title='bbox 473 1592 587 1629; x_wconf 90' lang='lat' dir='ltr'>etiam</span> <span class='ocrx_word' id='word_1_170' title='bbox 617 1592 847 1630; x_wconf 88' lang='lat' dir='ltr'>incertiores</span> <span class='ocrx_word' id='word_1_171' title='bbox 877 1598 985 1637; x_wconf 88' lang='lat' dir='ltr'>sunt,</span> <span class='ocrx_word' id='word_1_172' title='bbox 1020 1594 1139 1632; x_wconf 91' lang='lat' dir='ltr'>immo</span> <span class='ocrx_word' id='word_1_173' title='bbox 1169 1594 1420 1633; x_wconf 82' lang='lat' dir='ltr'>fundamento</span> <span class='ocrx_word' id='word_1_174' title='bbox 1451 1597 1556 1634; x_wconf 87' lang='lat' dir='ltr'>omni</span> <span class='ocrx_word' id='word_1_175' title='bbox 1586 1603 1718 1635; x_wconf 84' lang='lat' dir='ltr'>carent</span> <span class='ocrx_word' id='word_1_176' title='bbox 1747 1610 1809 1635; x_wconf 89' lang='lat' dir='ltr'>eo-</span> 
     </span>
     <span class='ocr_line' id='line_1_21' title="bbox 319 1657 1809 1712; baseline 0.006 -19"><span class='ocrx_word' id='word_1_177' title='bbox 319 1667 407 1693; x_wconf 82' lang='lat' dir='ltr'>rum</span> <span class='ocrx_word' id='word_1_178' title='bbox 438 1657 694 1706; x_wconf 89' lang='lat' dir='ltr'>opinationes,</span> <span class='ocrx_word' id='word_1_179' title='bbox 729 1659 793 1707; x_wconf 91' lang='lat' dir='ltr'>qui</span> <span class='ocrx_word' id='word_1_180' title='bbox 823 1657 882 1696; x_wconf 90' lang='lat' dir='ltr'>vel</span> <span class='ocrx_word' id='word_1_181' title='bbox 913 1659 1139 1709; x_wconf 88' lang='lat' dir='ltr'>Septimium</span> <span class='ocrx_word' id='word_1_182' title='bbox 1171 1660 1361 1699; x_wconf 89' lang='lat' dir='ltr'>Serenum</span> <span class='ocrx_word' id='word_1_183' title='bbox 1393 1661 1450 1700; x_wconf 88' lang='lat' dir='ltr'>vel</span> <span class='ocrx_word' id='word_1_184' title='bbox 1471 1662 1646 1712; x_wconf 81' lang='lat' dir='ltr'>Valgium</span> <span class='ocrx_word' id='word_1_185' title='bbox 1667 1663 1809 1702; x_wconf 81' lang='lat' dir='ltr'>Rufum</span> 
     </span>
     <span class='ocr_line' id='line_1_22' title="bbox 320 1722 1809 1779; baseline 0.005 -20"><span class='ocrx_word' id='word_1_186' title='bbox 320 1722 441 1760; x_wconf 79' lang='lat' dir='ltr'>ruisse</span> <span class='ocrx_word' id='word_1_187' title='bbox 471 1722 647 1762; x_wconf 83' lang='lat' dir='ltr'>arbitrati</span> <span class='ocrx_word' id='word_1_188' title='bbox 675 1729 775 1762; x_wconf 89' lang='lat' dir='ltr'>sunt.</span> <span class='ocrx_word' id='word_1_189' title='bbox 825 1725 1002 1774; x_wconf 88' lang='lat' dir='ltr'>inprimis</span> <span class='ocrx_word' id='word_1_190' title='bbox 1031 1725 1290 1765; x_wconf 87' lang='lat' dir='ltr'>memorabilis</span> <span class='ocrx_word' id='word_1_191' title='bbox 1319 1733 1377 1766; x_wconf 90' lang='lat' dir='ltr'>est</span> <span class='ocrx_word' id='word_1_192' title='bbox 1399 1739 1431 1765; x_wconf 91' lang='lat' dir='ltr'><strong>v.</strong></span> <span class='ocrx_word' id='word_1_193' title='bbox 1453 1726 1504 1766; x_wconf 86' lang='lat'>31</span> <span class='ocrx_word' id='word_1_194' title='bbox 1533 1731 1720 1779; x_wconf 88' lang='lat' dir='ltr'>repetitus</span> <span class='ocrx_word' id='word_1_195' title='bbox 1752 1729 1809 1767; x_wconf 88' lang='lat' dir='ltr'>vel</span> 
     </span>
     <span class='ocr_line' id='line_1_23' title="bbox 321 1787 1690 1841; baseline 0.005 -16"><span class='ocrx_word' id='word_1_196' title='bbox 321 1799 342 1825; x_wconf 85' lang='lat' dir='ltr'>a</span> <span class='ocrx_word' id='word_1_197' title='bbox 373 1787 578 1839; x_wconf 89' lang='lat' dir='ltr'>Calpurnio</span> <span class='ocrx_word' id='word_1_198' title='bbox 611 1790 669 1828; x_wconf 93' lang='lat' dir='ltr'>vel</span> <span class='ocrx_word' id='word_1_199' title='bbox 700 1802 746 1828; x_wconf 87' lang='lat' dir='ltr'>ex</span> <span class='ocrx_word' id='word_1_200' title='bbox 777 1790 933 1835; x_wconf 90' lang='lat' dir='ltr'>eodem,</span> <span class='ocrx_word' id='word_1_201' title='bbox 967 1791 1183 1841; x_wconf 87' lang='lat' dir='ltr'>Vergiliana</span> <span class='ocrx_word' id='word_1_202' title='bbox 1211 1792 1379 1831; x_wconf 89' lang='lat' dir='ltr'>reddunt</span> <span class='ocrx_word' id='word_1_203' title='bbox 1409 1805 1440 1831; x_wconf 78' lang='lat' dir='ltr'>v,</span> <span class='ocrx_word' id='word_1_204' title='bbox 1473 1791 1525 1832; x_wconf 83' lang='lat'>27</span> <span class='ocrx_word' id='word_1_205' title='bbox 1558 1799 1596 1832; x_wconf 85' lang='lat' dir='ltr'>et</span> <span class='ocrx_word' id='word_1_206' title='bbox 1624 1792 1690 1833; x_wconf 84' lang='lat'><strong>35.</strong></span> 
     </span>
    </p>
   </div>
   <div class='ocr_carea' id='block_1_4' title="bbox 318 1986 1820 2635">
    <p class='ocr_par' dir='ltr' id='par_1_4' title="bbox 318 1986 1820 2635">
     <span class='ocr_line' id='line_1_24' title="bbox 431 1986 1807 2039; baseline 0.005 -14"><span class='ocrx_word' id='word_1_207' title='bbox 431 1986 678 2026; x_wconf 86' lang='lat' dir='ltr'>Testimoniis</span> <span class='ocrx_word' id='word_1_208' title='bbox 706 1993 861 2039; x_wconf 88' lang='lat' dir='ltr'>praeter</span> <span class='ocrx_word' id='word_1_209' title='bbox 893 1988 1081 2028; x_wconf 87' lang='lat' dir='ltr'>Donatum</span> <span class='ocrx_word' id='word_1_210' title='bbox 1112 1996 1150 2028; x_wconf 88' lang='lat' dir='ltr'>et</span> <span class='ocrx_word' id='word_1_211' title='bbox 1178 1990 1354 2029; x_wconf 90' lang='lat' dir='ltr'>Servium</span> <span class='ocrx_word' id='word_1_212' title='bbox 1385 1996 1421 2030; x_wconf 88' lang='lat' dir='ltr'>et</span> <span class='ocrx_word' id='word_1_213' title='bbox 1450 1993 1606 2032; x_wconf 85' lang='lat' dir='ltr'>codices</span> <span class='ocrx_word' id='word_1_214' title='bbox 1631 1992 1678 2031; x_wconf 91' lang='lat' dir='ltr'>de</span> <span class='ocrx_word' id='word_1_215' title='bbox 1710 1994 1807 2032; x_wconf 90' lang='lat' dir='ltr'>Mo-</span> 
     </span>
     <span class='ocr_line' id='line_1_25' title="bbox 319 2055 1807 2107; baseline 0.005 -16"><span class='ocrx_word' id='word_1_216' title='bbox 319 2056 419 2092; x_wconf 75' lang='lat' dir='ltr'>reti</span> <span class='ocrx_word' id='word_1_217' title='bbox 452 2060 610 2093; x_wconf 87' lang='lat' dir='ltr'>auctore</span> <span class='ocrx_word' id='word_1_218' title='bbox 649 2056 806 2093; x_wconf 90' lang='lat' dir='ltr'>omnino</span> <span class='ocrx_word' id='word_1_219' title='bbox 845 2055 1020 2094; x_wconf 86' lang='lat' dir='ltr'>destituti</span> <span class='ocrx_word' id='word_1_220' title='bbox 1056 2068 1204 2100; x_wconf 85' lang='lat' dir='ltr'>sumus,</span> <span class='ocrx_word' id='word_1_221' title='bbox 1244 2057 1318 2095; x_wconf 91' lang='lat' dir='ltr'>nisi</span> <span class='ocrx_word' id='word_1_222' title='bbox 1350 2058 1452 2107; x_wconf 89' lang='lat' dir='ltr'>quod</span> <span class='ocrx_word' id='word_1_223' title='bbox 1487 2059 1526 2096; x_wconf 92' lang='lat' dir='ltr'>in</span> <span class='ocrx_word' id='word_1_224' title='bbox 1556 2058 1807 2098; x_wconf 89' lang='lat' dir='ltr'>Ambrosiano</span> 
     </span>
     <span class='ocr_line' id='line_1_26' title="bbox 320 2119 1806 2173; baseline 0.005 -16"><span class='ocrx_word' id='word_1_225' title='bbox 320 2119 454 2157; x_wconf 90' lang='lat' dir='ltr'>codice</span> <span class='ocrx_word' id='word_1_226' title='bbox 491 2121 656 2170; x_wconf 89' lang='lat' dir='ltr'>quodam</span> <span class='ocrx_word' id='word_1_227' title='bbox 693 2121 831 2159; x_wconf 78' lang='lat' dir='ltr'>Mureti</span> <span class='ocrx_word' id='word_1_228' title='bbox 869 2122 912 2160; x_wconf 89' lang='lat' dir='ltr'>G.</span> <span class='ocrx_word' id='word_1_229' title='bbox 944 2121 971 2159; x_wconf 90' lang='lat' dir='ltr'><strong>I.</strong></span> <span class='ocrx_word' id='word_1_230' title='bbox 1004 2122 1159 2161; x_wconf 85' lang='lat' dir='ltr'>Vossius</span> <span class='ocrx_word' id='word_1_231' title='bbox 1195 2123 1242 2161; x_wconf 90' lang='lat' dir='ltr'>de</span> <span class='ocrx_word' id='word_1_232' title='bbox 1279 2128 1383 2173; x_wconf 82' lang='lat' dir='ltr'>poet.</span> <span class='ocrx_word' id='word_1_233' title='bbox 1416 2124 1480 2162; x_wconf 87' lang='lat' dir='ltr'>Gr.</span> <span class='ocrx_word' id='word_1_234' title='bbox 1512 2137 1544 2163; x_wconf 92' lang='lat' dir='ltr'>c.</span> <span class='ocrx_word' id='word_1_235' title='bbox 1575 2123 1601 2163; x_wconf 88' lang='lat'>9</span> <span class='ocrx_word' id='word_1_236' title='bbox 1637 2125 1806 2164; x_wconf 77' lang='lat' dir='ltr'>isaacum</span> 
     </span>
     <span class='ocr_line' id='line_1_27' title="bbox 318 2185 1804 2240; baseline 0.005 -17"><span class='ocrx_word' id='word_1_237' title='bbox 318 2185 438 2224; x_wconf 87' lang='lat' dir='ltr'>filium</span> <span class='ocrx_word' id='word_1_238' title='bbox 460 2186 554 2225; x_wconf 87' lang='lat' dir='ltr'>haec</span> <span class='ocrx_word' id='word_1_239' title='bbox 574 2186 713 2236; x_wconf 89' lang='lat' dir='ltr'>legisse</span> <span class='ocrx_word' id='word_1_240' title='bbox 734 2193 867 2226; x_wconf 86' lang='lat' dir='ltr'>narrat</span> <span class='ocrx_word' id='word_1_241' title='bbox 897 2189 1159 2227; x_wconf 73' lang='lat' dir='ltr'>‘Parthenius</span> <span class='ocrx_word' id='word_1_242' title='bbox 1179 2190 1374 2227; x_wconf 79' lang='lat' dir='ltr'>Moretum</span> <span class='ocrx_word' id='word_1_243' title='bbox 1394 2191 1554 2238; x_wconf 75' lang='lat' dir='ltr'>scripsit</span> <span class='ocrx_word' id='word_1_244' title='bbox 1579 2192 1618 2229; x_wconf 81' lang='lat' dir='ltr'>z‘n</span> <span class='ocrx_word' id='word_1_245' title='bbox 1640 2193 1804 2240; x_wconf 81' lang='lat' dir='ltr'>Graeco,</span> 
     </span>
     <span class='ocr_line' id='line_1_28' title="bbox 320 2254 1820 2305; baseline 0.002 -15"><span class='ocrx_word' id='word_1_246' title='bbox 320 2263 430 2299; x_wconf 77' lang='lat' dir='ltr'>quem</span> <span class='ocrx_word' id='word_1_247' title='bbox 468 2254 659 2301; x_wconf 66' lang='lat' dir='ltr'>Viryz’lz’us</span> <span class='ocrx_word' id='word_1_248' title='bbox 695 2255 870 2292; x_wconf 69' lang='lat' dir='ltr'>imitatus</span> <span class='ocrx_word' id='word_1_249' title='bbox 905 2257 998 2292; x_wconf 81' lang='lat' dir='ltr'>est’.</span> <span class='ocrx_word' id='word_1_250' title='bbox 1060 2259 1098 2292; x_wconf 86' lang='lat' dir='ltr'>et</span> <span class='ocrx_word' id='word_1_251' title='bbox 1133 2254 1206 2304; x_wconf 85' lang='lat' dir='ltr'>legi</span> <span class='ocrx_word' id='word_1_252' title='bbox 1236 2254 1335 2293; x_wconf 90' lang='lat' dir='ltr'>hanc</span> <span class='ocrx_word' id='word_1_253' title='bbox 1370 2255 1493 2305; x_wconf 88' lang='lat' dir='ltr'>ipsam</span> <span class='ocrx_word' id='word_1_254' title='bbox 1531 2257 1702 2295; x_wconf 84' lang='lat' dir='ltr'>notitiam</span> <span class='ocrx_word' id='word_1_255' title='bbox 1740 2257 1820 2295; x_wconf 42' lang='lat' dir='ltr'>adv</span> 
     </span>
     <span class='ocr_line' id='line_1_29' title="bbox 320 2319 1807 2372; baseline 0.004 -17"><span class='ocrx_word' id='word_1_256' title='bbox 320 2319 399 2355; x_wconf 85' lang='lat' dir='ltr'>dito</span> <span class='ocrx_word' id='word_1_257' title='bbox 421 2321 432 2339; x_wconf 67' lang='lat'><strong>‘</strong></span> <span class='ocrx_word' id='word_1_258' title='bbox 450 2321 494 2357; x_wconf 89' lang='lat' dir='ltr'>V.</span> <span class='ocrx_word' id='word_1_259' title='bbox 519 2321 652 2358; x_wconf 81' lang='lat' dir='ltr'>Amb.’</span> <span class='ocrx_word' id='word_1_260' title='bbox 675 2332 791 2358; x_wconf 90' lang='lat' dir='ltr'>manu</span> <span class='ocrx_word' id='word_1_261' title='bbox 811 2320 859 2358; x_wconf 87' lang='lat' dir='ltr'>Is.</span> <span class='ocrx_word' id='word_1_262' title='bbox 883 2321 1006 2359; x_wconf 85' lang='lat' dir='ltr'>Vossii</span> <span class='ocrx_word' id='word_1_263' title='bbox 1033 2321 1072 2359; x_wconf 90' lang='lat' dir='ltr'>in</span> <span class='ocrx_word' id='word_1_264' title='bbox 1094 2320 1303 2371; x_wconf 83' lang='lat' dir='ltr'>exemplari</span> <span class='ocrx_word' id='word_1_265' title='bbox 1324 2321 1546 2372; x_wconf 86' lang='lat' dir='ltr'>appendicis</span> <span class='ocrx_word' id='word_1_266' title='bbox 1567 2322 1807 2372; x_wconf 87' lang='lat' dir='ltr'>Vergilianae</span> 
     </span>
     <span class='ocr_line' id='line_1_30' title="bbox 319 2384 1807 2438; baseline 0.003 -16"><span class='ocrx_word' id='word_1_267' title='bbox 319 2384 419 2434; x_wconf 91' lang='lat' dir='ltr'>quod</span> <span class='ocrx_word' id='word_1_268' title='bbox 451 2385 490 2422; x_wconf 90' lang='lat' dir='ltr'>in</span> <span class='ocrx_word' id='word_1_269' title='bbox 521 2385 612 2423; x_wconf 86' lang='lat' dir='ltr'>bibl.</span> <span class='ocrx_word' id='word_1_270' title='bbox 650 2385 758 2424; x_wconf 88' lang='lat' dir='ltr'>Leid.</span> <span class='ocrx_word' id='word_1_271' title='bbox 792 2390 850 2424; x_wconf 87' lang='lat' dir='ltr'>est</span> <span class='ocrx_word' id='word_1_272' title='bbox 885 2387 987 2424; x_wconf 86' lang='lat' dir='ltr'>inter</span> <span class='ocrx_word' id='word_1_273' title='bbox 1022 2386 1176 2425; x_wconf 82' lang='lat' dir='ltr'>codices</span> <span class='ocrx_word' id='word_1_274' title='bbox 1206 2399 1243 2425; x_wconf 92' lang='lat' dir='ltr'>n.</span> <span class='ocrx_word' id='word_1_275' title='bbox 1267 2384 1349 2425; x_wconf 80' lang='lat'>849</span> <span class='ocrx_word' id='word_1_276' title='bbox 1379 2392 1449 2426; x_wconf 85' lang='lat' dir='ltr'>cat.</span> <span class='ocrx_word' id='word_1_277' title='bbox 1482 2387 1567 2426; x_wconf 88' lang='lat' dir='ltr'><strong>XIII</strong></span> <span class='ocrx_word' id='word_1_278' title='bbox 1607 2389 1654 2438; x_wconf 91' lang='lat' dir='ltr'>(Z</span> <span class='ocrx_word' id='word_1_279' title='bbox 1680 2388 1807 2427; x_wconf 88' lang='lat' dir='ltr'>littera</span> 
     </span>
     <span class='ocr_line' id='line_1_31' title="bbox 319 2451 1805 2503; baseline 0.003 -16"><span class='ocrx_word' id='word_1_280' title='bbox 319 2451 466 2500; x_wconf 84' lang='lat' dir='ltr'>signato</span> <span class='ocrx_word' id='word_1_281' title='bbox 497 2464 517 2489; x_wconf 88' lang='lat' dir='ltr'>a</span> <span class='ocrx_word' id='word_1_282' title='bbox 548 2451 620 2502; x_wconf 90' lang='lat' dir='ltr'>me)</span> <span class='ocrx_word' id='word_1_283' title='bbox 653 2452 897 2502; x_wconf 83' lang='lat' dir='ltr'>adscriptam.</span> <span class='ocrx_word' id='word_1_284' title='bbox 958 2465 1056 2503; x_wconf 89' lang='lat' dir='ltr'>quae</span> <span class='ocrx_word' id='word_1_285' title='bbox 1087 2454 1179 2502; x_wconf 85' lang='lat' dir='ltr'>quin</span> <span class='ocrx_word' id='word_1_286' title='bbox 1209 2464 1296 2491; x_wconf 90' lang='lat' dir='ltr'>vera</span> <span class='ocrx_word' id='word_1_287' title='bbox 1328 2453 1404 2491; x_wconf 87' lang='lat' dir='ltr'>sint</span> <span class='ocrx_word' id='word_1_288' title='bbox 1423 2453 1622 2492; x_wconf 86' lang='lat' dir='ltr'>dubitandi</span> <span class='ocrx_word' id='word_1_289' title='bbox 1652 2466 1805 2494; x_wconf 85' lang='lat' dir='ltr'>causam</span> 
     </span>
     <span class='ocr_line' id='line_1_32' title="bbox 321 2516 1806 2568; baseline 0.002 -14"><span class='ocrx_word' id='word_1_290' title='bbox 321 2528 401 2554; x_wconf 85' lang='lat' dir='ltr'>esse</span> <span class='ocrx_word' id='word_1_291' title='bbox 431 2522 537 2554; x_wconf 82' lang='lat' dir='ltr'>recte</span> <span class='ocrx_word' id='word_1_292' title='bbox 559 2518 711 2567; x_wconf 82' lang='lat' dir='ltr'>negavit</span> <span class='ocrx_word' id='word_1_293' title='bbox 730 2517 942 2556; x_wconf 89' lang='lat' dir='ltr'>Meinekius</span> <span class='ocrx_word' id='word_1_294' title='bbox 971 2517 1070 2556; x_wconf 91' lang='lat' dir='ltr'>anal.</span> <span class='ocrx_word' id='word_1_295' title='bbox 1091 2518 1198 2557; x_wconf 79' lang='lat' dir='ltr'>Alex,</span> <span class='ocrx_word' id='word_1_296' title='bbox 1220 2530 1257 2568; x_wconf 91' lang='lat' dir='ltr'>p.</span> <span class='ocrx_word' id='word_1_297' title='bbox 1278 2516 1371 2562; x_wconf 80' lang='lat'><strong>272,</strong></span> <span class='ocrx_word' id='word_1_298' title='bbox 1390 2530 1622 2568; x_wconf 85' lang='lat' dir='ltr'>quamquam</span> <span class='ocrx_word' id='word_1_299' title='bbox 1646 2519 1806 2558; x_wconf 86' lang='lat' dir='ltr'>credere</span> 
     </span>
     <span class='ocr_line' id='line_1_33' title="bbox 320 2582 1805 2635; baseline 0.003 -16"><span class='ocrx_word' id='word_1_300' title='bbox 320 2593 437 2620; x_wconf 85' lang='lat' dir='ltr'>ausus</span> <span class='ocrx_word' id='word_1_301' title='bbox 457 2594 535 2620; x_wconf 92' lang='lat' dir='ltr'>non</span> <span class='ocrx_word' id='word_1_302' title='bbox 566 2588 623 2620; x_wconf 92' lang='lat' dir='ltr'>est</span> <span class='ocrx_word' id='word_1_303' title='bbox 643 2582 691 2621; x_wconf 87' lang='lat' dir='ltr'><strong>M.</strong></span> <span class='ocrx_word' id='word_1_304' title='bbox 714 2582 901 2634; x_wconf 88' lang='lat' dir='ltr'>Hauptius</span> <span class='ocrx_word' id='word_1_305' title='bbox 922 2585 961 2621; x_wconf 92' lang='lat' dir='ltr'>in</span> <span class='ocrx_word' id='word_1_306' title='bbox 992 2589 1138 2634; x_wconf 87' lang='lat' dir='ltr'>quaest.</span> <span class='ocrx_word' id='word_1_307' title='bbox 1159 2583 1293 2623; x_wconf 83' lang='lat' dir='ltr'>Catuli.</span> <span class='ocrx_word' id='word_1_308' title='bbox 1315 2597 1352 2635; x_wconf 92' lang='lat' dir='ltr'><strong>p.</strong></span> <span class='ocrx_word' id='word_1_309' title='bbox 1374 2582 1445 2624; x_wconf 80' lang='lat'>52:</span> <span class='ocrx_word' id='word_1_310' title='bbox 1477 2585 1702 2635; x_wconf 85' lang='lat' dir='ltr'>Vergilianis</span> <span class='ocrx_word' id='word_1_311' title='bbox 1722 2598 1805 2624; x_wconf 87' lang='lat' dir='ltr'>ear-</span> 
     </span>
    </p>
   </div>
   <div class='ocr_carea' id='block_1_5' title="bbox 319 2647 1805 2827">
    <p class='ocr_par' dir='ltr' id='par_1_5' title="bbox 319 2647 1805 2827">
     <span class='ocr_line' id='line_1_34' title="bbox 320 2647 1802 2699; baseline 0.004 -15"><span class='ocrx_word' id='word_1_312' title='bbox 320 2647 487 2685; x_wconf 86' lang='lat' dir='ltr'>minibus</span> <span class='ocrx_word' id='word_1_313' title='bbox 522 2652 644 2686; x_wconf 89' lang='lat' dir='ltr'>aetate</span> <span class='ocrx_word' id='word_1_314' title='bbox 681 2661 751 2699; x_wconf 90' lang='lat' dir='ltr'>par</span> <span class='ocrx_word' id='word_1_315' title='bbox 788 2661 871 2688; x_wconf 92' lang='lat' dir='ltr'>esse</span> <span class='ocrx_word' id='word_1_316' title='bbox 900 2650 1088 2688; x_wconf 89' lang='lat' dir='ltr'>Moretum</span> <span class='ocrx_word' id='word_1_317' title='bbox 1128 2651 1358 2689; x_wconf 86' lang='lat' dir='ltr'>existimavit</span> <span class='ocrx_word' id='word_1_318' title='bbox 1395 2651 1662 2690; x_wconf 86' lang='lat' dir='ltr'>Lachmannus</span> <span class='ocrx_word' id='word_1_319' title='bbox 1691 2651 1802 2690; x_wconf 90' lang='lat' dir='ltr'>Lucr.</span> 
     </span>
     <span class='ocr_line' id='line_1_35' title="bbox 319 2712 1805 2769; baseline 0.003 -18"><span class='ocrx_word' id='word_1_320' title='bbox 319 2726 356 2764; x_wconf 87' lang='lat' dir='ltr'>p.</span> <span class='ocrx_word' id='word_1_321' title='bbox 391 2712 491 2757; x_wconf 77' lang='lat'><strong>326,</strong></span> <span class='ocrx_word' id='word_1_322' title='bbox 530 2720 567 2752; x_wconf 88' lang='lat' dir='ltr'>et</span> <span class='ocrx_word' id='word_1_323' title='bbox 597 2715 797 2754; x_wconf 86' lang='lat' dir='ltr'>commode</span> <span class='ocrx_word' id='word_1_324' title='bbox 827 2715 978 2754; x_wconf 88' lang='lat' dir='ltr'>laudato</span> <span class='ocrx_word' id='word_1_325' title='bbox 1017 2716 1200 2755; x_wconf 86' lang='lat' dir='ltr'>Martialis</span> <span class='ocrx_word' id='word_1_326' title='bbox 1239 2716 1402 2755; x_wconf 86' lang='lat' dir='ltr'>disticho</span> <span class='ocrx_word' id='word_1_327' title='bbox 1440 2717 1526 2755; x_wconf 87' lang='lat' dir='ltr'><strong>XIII</strong></span> <span class='ocrx_word' id='word_1_328' title='bbox 1567 2716 1618 2755; x_wconf 86' lang='lat'>14</span> <span class='ocrx_word' id='word_1_329' title='bbox 1658 2718 1718 2769; x_wconf 81' lang='lat' dir='ltr'>(cs.</span> <span class='ocrx_word' id='word_1_330' title='bbox 1754 2718 1805 2756; x_wconf 87' lang='lat' dir='ltr'>XI</span> 
     </span>
     <span class='ocr_line' id='line_1_36' title="bbox 319 2776 452 2827; baseline -0.008 -10"><span class='ocrx_word' id='word_1_331' title='bbox 319 2776 385 2823; x_wconf 75' lang='lat'>52,</span> <span class='ocrx_word' id='word_1_332' title='bbox 412 2778 452 2827; x_wconf 75' lang='lat'>5)</span> 
     </span>
    </p>
   </div>
  </div>
 </body>
</html>
