1884 3126
254 198 307 241 68
931 215 1073 241 cumx.

315 344 318 347 ·
365 323 513 361 viribus
542 328 627 375 apta
659 325 737 362 suis
767 323 925 362 Phoebo
952 323 1052 364 duce
1082 322 1217 361 ludere
1247 322 1428 372 gaudent.

364 394 460 432 haec
490 394 559 433 tibi
589 407 716 443 sacra,
749 406 848 446 puer
876 393 1120 433 venerabilis.
1172 398 1212 431 ut
1241 388 1309 432 tibi
1341 398 1481 432 certast

363 465 484 515 gloria
515 456 925 517 perpetuum‘lucenffi
957 477 1139 505 mansura
1169 477 1239 516 per
1270 476 1423 503 aevum:

363 538 419 575 sic
448 537 518 575 tibi
548 537 640 576 sede
670 539 731 588 pia
762 542 915 576 maneat
945 537 1051 576 locus
1082 542 1119 575 et
1148 535 1217 575 tibi
1248 548 1382 587 sospes

364 608 490 647 debita
521 608 644 648 felicis
674 615 903 648 numeretur
934 611 1007 647 vita
1038 621 1107 660 per
1138 619 1271 653 annos,
1415 659 1418 661 Β
1692 611 1746 648 40

364 685 489 730 grata,
523 680 635 719 bonis
667 680 809 721 lucens.
859 681 926 720 sed
957 693 1027 719 nos
1058 680 1104 718 ad
1136 685 1268 730 coepta
1301 680 1482 718 feramur,

420 752 560 802 lgneus
590 751 781 791 aetherias
810 753 885 790 iam
917 752 973 790 sol
1003 758 1226 803 penetrarat
1255 754 1295 791 in
1326 765 1435 791 arces

366 823 605 873 candidaque
637 829 770 862 aurato
801 823 998 873 quatiebat
1028 823 1331 874 luminajcurrm

363 895 535 935 crinibus
567 901 604 933 et
632 896 758 934 roseis
789 895 969 934 tenebras
999 896 1146 934 Aurora
1177 895 1347 945 fugarat:

363 966 536 1018 propulit
567 979 586 1003 e
617 965 779 1005 stabulis
808 967 854 1004 ad
885 965 1023 1016 pabula
1055 972 1144 1005 nota
1174 966 1342 1017 capellas
1691 968 1741 1005 45

363 1043 494 1089 pastor
526 1043 563 1076 et
593 1037 734 1076 excelsi
765 1039 906 1076 montis
935 1039 1022 1087 iuga
1053 1049 1201 1076 summa
1233 1039 1375 1088 petivit,

362 1109 495 1148 ssorida
528 1121 602 1160 qua
632 1109 784 1160 patulos
814 1108 991 1148 velabant
1019 1110 1192 1158 gramina
1224 1109 1353 1147 colles.

364 1182 439 1220 iam
471 1181 575 1220 silvis
606 1181 808 1231 dumisque
840 1193 974 1231 vagae,
1007 1182 1083 1219 iam
1114 1180 1276 1219 vallibus
1305 1181 1452 1220 abdunt

367 1245 552 1304 corpora,
584 1253 736 1303 iamque
767 1253 870 1291 omni
902 1252 1047 1290 celeres
1078 1265 1098 1290 e
1128 1257 1237 1303 parte
1266 1258 1451 1302 vagantes

254 1446 417 1481 Bembus
448 1455 589 1479 uersum
628 1443 664 1479 Y
687 1454 809 1478 versus
841 1444 1034 1489 Hauptius
1119 1443 1171 1479 36
1202 1447 1275 1478 arta
1303 1445 1317 1478 l
1381 1444 1466 1478 meis
1496 1444 1538 1479 H
1592 1443 1742 1491 gaudent

255 1501 285 1536 G
322 1500 453 1548 gaudet
482 1498 577 1545 Ωψ,
619 1499 781 1534 Bembus
903 1498 953 1534 37
985 1498 1076 1533 llaec
1112 1511 1136 1532 α
1175 1497 1245 1533 lIec
1288 1499 1318 1533 V
1351 1498 1378 1532 1⁷1
1413 1498 1440 1534 0
1472 1498 1512 1533 Et
1550 1499 1610 1534 GL
1639 1500 1744 1534 sclie—

251 1579 324 1614 dae
354 1577 518 1618 Pithoei,
552 1576 716 1611 Bembus
746 1575 820 1611 l‘loc
855 1574 930 1621 Ψψ
996 1581 1033 1610 tu
1065 1575 1227 1611 Bembus
1291 1587 1386 1610 sarra
1417 1578 1558 1621 scripsi
1612 1555 1690 1612 scae
1721 1577 1748 1611 (J

252 1660 372 1690 sancte
407 1653 478 1689 Ψω
536 1635 622 1700 puer
635 1651 666 1698 (r
696 1665 741 1689 m.
774 1652 870 1699 rec.)
900 1654 941 1688 H
969 1658 1067 1699 pater
1098 1652 1126 1688 0
1188 1652 1393 1688 venerabilis
1424 1653 1588 1689 Bembus
1617 1665 1746 1689 memo-

251 1709 367 1745 rabilis
399 1708 608 1745 ΑΒΟΡΙἾΕ
638 1708 858 1743 inemorablis
899 1708 929 1743 V
966 1707 1215 1743 memorabitur
1244 1708 1372 1748 GLot,
1410 1709 1580 1745 schedae·
1601 1709 1748 1745 Pithoei

252 1764 475 1800 memorabile
513 1764 554 1799 H
589 1763 790 1798 uenerabile
827 1764 864 1798 Ε
897 1762 1103 1798 mortalibus
1140 1775 1164 1797 α
1211 1762 1458 1799 memoraberis
1505 1764 1746 1800 Schraderus

308 1819 385 1855 Huc
413 1825 453 1854 tu
482 1823 602 1853 sancte
631 1829 720 1864 puer
750 1829 883 1853 memor
913 1817 1003 1854 adsis
1036 1820 1130 1853 coni.
1174 1819 1322 1853 Vossius
1378 1824 1473 1854 certa
1503 1823 1557 1853 est
1591 1819 1747 1855 Bothius

253 1880 366 1910 certet
399 1873 486 1921 Ψω,
518 1874 681 1913 chbus
728 1878 847 1908 cernet
879 1873 907 1908 C
934 1878 1068 1908 crescet
1101 1873 1266 1920 Silliqius
1360 1873 1411 1909 38
1442 1873 1529 1909 lucis
1562 1874 1602 1918 P,
1635 1875 1743 1909 Bem-

255 1931 324 1966 bus
414 1929 465 1965 39
496 1930 547 1964 sic
583 1930 722 1974 scripsi
762 1927 804 1963 Et
833 1927 906 1963 ,Ωω
986 1933 1019 1963 te
1048 1940 1073 1962 α
1185 1928 1239 1964 40
1268 1928 1378 1963 felicis
1415 1929 1512 1964 BCO
1525 1928 1598 1964 VY
1626 1929 1745 1965 felices

255 1986 329 2021 Ηῖε
351 1983 503 2031 (reliqui
521 1988 644 2020 utrum
666 1994 684 2018 e
705 1995 755 2018 an
777 1984 787 2018 i
807 1984 972 2019 habeant
1003 1982 1142 2028 nescio)
1219 1988 1424 2018 numeretur
1445 1984 1653 2020 Gronovius
1673 1995 1743 2019 me-

254 2045 413 2075 moretur
446 2038 542 2086 Ψψ,
575 2039 738 2074 Bembus
769 2044 938 2073 memoret
970 2038 998 2073 C
1025 2044 1238 2074 memoratur
1268 2039 1307 2074 H
1326 2050 1372 2073 m.
1399 2039 1417 2073 1
1506 2038 1554 2074 41
1588 2038 1692 2074 liceat
1723 2045 1742 2076 ε

310 2112 391 2164 sed]
422 2117 451 2151 si
493 2117 524 2151 V
577 2122 636 2156 ηδ,
669 2126 769 2151 corr.
801 2128 846 2151 m.
881 2126 957 2151 rec.
990 2097 1109 2151 noSH
1162 2116 1352 2152 feramur}
1382 2115 1540 2151 serantur
1562 2115 1646 2161 (hoc
1676 2113 1743 2151 em.

255 2173 383 2207 eadem
415 2174 469 2207 vel
496 2173 614 2217 paulo
644 2173 853 2206 recentiore
865 2171 887 2215 ’,
929 2175 968 2206 ut
998 2172 1188 2207 adnotavit
1228 2170 1390 2216 Vossius)
1428 2171 1463 2206 Y
1569 2170 1620 2206 42
1651 2171 1745 2229 Igni-

255 2227 320 2262 bus
354 2226 381 2262 0
438 2227 619 2262 aethereas
650 2235 669 2262 ε
699 2226 860 2261 ethereas
881 2224 999 2261 HOV
1023 2226 1188 2261 etheneas
1216 2228 1229 2262 Z
1266 2226 1431 2260 aethneas
1461 2226 1490 2260 G
1520 2230 1680 2262 aetnaeas
1709 2227 1750 2262 K

257 2287 375 2317 etneas
407 2291 491 2318 exc.
524 2282 671 2317 Pithoei
699 2280 842 2316 Oetaeas
874 2281 1046 2327 Scaliger
1129 2285 1329 2328 penetrarat
1366 2281 1538 2316 distincte
1567 2282 1642 2328 leyi
1669 2293 1742 2317 non

254 2372 376 2416 potuit
411 2372 448 2405 in
483 2370 510 2405 O
546 2344 707 2416 penetraat
738 2368 788 2414 (ra
818 2380 1016 2415 suprascr.
1047 2381 1093 2404 m.
1127 2368 1220 2415 rec.)
1252 2370 1287 2404 B
1324 2373 1568 2415 penetrauerat
1596 2370 1609 2404 l
1638 2379 1746 2415 pene-

259 2425 371 2460 trabat
391 2426 434 2461 H
488 2425 524 2460 in
555 2426 658 2461 om.l
715 2424 767 2460 43
798 2424 940 2459 Candita
970 2426 982 2460 l
1039 2423 1092 2459 44
1122 2423 1329 2459 Criminibus
1350 2423 1382 2458 A
1404 2436 1448 2459 m.
1475 2423 1494 2458 l
1518 2422 1689 2459 Cornibus
1707 2424 1749 2459 H

313 2479 455 2527 fugabat
475 2480 531 2517 Εε
615 2478 666 2514 45
689 2485 723 2515 et
744 2478 780 2525 (i.
805 2489 834 2514 e.
858 2479 910 2525 ec)
932 2479 1099 2514 estabulis
1120 2480 1163 2515 H
1179 2490 1198 2514 a
1226 2478 1370 2514 stabulis
1399 2480 1413 2513 l
1497 2489 1624 2525 pascua
1648 2479 1689 2514 Ol

258 2541 339 2570 nota
362 2535 390 2571 C
416 2535 504 2570 laeta
524 2535 687 2579 PYoeea,
713 2535 872 2569 Bembus
901 2534 970 2583 Ιςια
994 2534 1025 2568 Β
1053 2534 1214 2570 leta‘HO
1227 2534 1271 2570 Vl
1361 2532 1413 2569 46
1444 2544 1576 2569 summa
1605 2534 1686 2581 iuga
1720 2534 1750 2570 V

269 2603 271 2605 ·
341 2589 392 2625 47
423 2589 545 2625 florida
583 2590 780 2626 Iucobsius
816 2600 918 2635 spec.
950 2591 1089 2625 emend.
1128 2601 1163 2636 p.
1195 2588 1246 2625 89
1287 2588 1414 2624 Lurida
1448 2587 1545 2635 Ψψ,
1583 2588 1745 2624 Bembus

258 2644 403 2680 Luridas
439 2645 474 2680 P
507 2644 635 2680 Lucida
671 2645 716 2680 LI
758 2643 826 2690 (cf.
867 2656 897 2679 v.
932 2643 1024 2690 102)
1069 2643 1216 2679 Humida
1249 2643 1295 2688 0,
1335 2655 1421 2680 exc.
1452 2643 1598 2679 Pithoei
1644 2643 1744 2678 uvida

259 2733 440 2768 Heinsius
469 2732 610 2767 herbida
640 2733 881 2769 Schradcrus
909 2732 1025 2767 rorida
1056 2733 1248 2778 Hauptius
1310 2725 1335 2776 ᾇ
1374 2733 1404 2767 V
1431 2714 1524 2778 ffH
1579 2730 1745 2766 uelabant

260 2788 336 2823 PY
366 2786 548 2835 uellabant
586 2788 628 2823 H
717 2787 823 2823 flores
864 2787 935 2823 OV
1044 2786 1096 2823 48
1129 2798 1217 2834 uage
1254 2787 1289 2823 Y
1312 2791 1411 2834 raget
1452 2787 1481 2823 V
1581 2785 1743 2822 mollibus

261 2843 298 2879 E
324 2854 370 2878 m.
405 2844 423 2878 1
485 2842 589 2877 addat
631 2843 662 2878 V
769 2841 821 2878 49
852 2837 889 2890 e]
922 2848 956 2877 et
985 2843 1027 2878 H
1072 2853 1110 2877 se
1143 2842 1214 2879 OV
