1884 3126
608 633 1186 690 PRAEFATIO.

245 885 408 929 Ultimo
438 884 540 926 huic
558 881 744 938 Vergilii
774 881 860 923 mei
880 879 1092 923 volumini
1112 877 1222 920 nihil
1251 878 1343 920 fere
1372 878 1512 921 habeo
1544 878 1660 936 quod

132 940 431 1011 praemittam,
468 951 555 993 nisi
590 950 705 993 forte
742 948 940 990 mihimet
976 947 1060 1004 ipsi
1090 945 1300 1002 gratulari
1329 945 1445 988 ferat
1475 946 1658 999 animus,

133 1021 251 1079 quod
287 1021 465 1076 longum
502 1025 547 1061 et
580 1016 775 1074 pulveris
813 1017 990 1073 plenum
1027 1028 1226 1056 emensus
1265 1028 1467 1070 campum
1498 1014 1658 1055 sudans

133 1089 311 1133 tandem
349 1087 406 1129 ad
443 1092 603 1128 metam
645 1084 932 1142 pervenerim.
991 1097 1094 1124 nam
1131 1095 1336 1124 accusare
1373 1082 1411 1123 si
1447 1096 1558 1137 quae
1587 1081 1658 1124 vel

133 1156 253 1198 aliud
283 1155 432 1211 agenti
468 1153 605 1196 invito
645 1151 889 1194 exciderint
924 1149 995 1194 vel
1023 1150 1248 1193 hebetiore
1277 1149 1430 1192 iudicii
1461 1149 1658 1191 acumine

133 1226 259 1266 usum
296 1221 533 1264 fefellerint
563 1226 639 1262 aut
676 1219 883 1262 latuerint
920 1233 1100 1261 securus
1131 1218 1495 1260 obtrectatoribus
1525 1216 1657 1260 relin-

131 1305 285 1348 quam,
317 1290 391 1346 qui
421 1295 568 1331 tamen
597 1293 646 1329 ut
675 1286 819 1330 solent
847 1287 914 1329 uti
943 1285 1093 1328 labore
1123 1285 1266 1328 alieno
1297 1287 1497 1342 quamvis
1530 1284 1656 1327 silen-

130 1359 191 1400 tio
222 1355 546 1399 dissimulantes
578 1370 666 1398 non
686 1354 1064 1410 dedignabuntur:
1097 1353 1347 1396 excusanda
1375 1354 1422 1395 in
1451 1353 1535 1395 hac
1564 1354 1656 1410 qui-

130 1425 230 1468 dem
267 1425 410 1481 operis
448 1430 573 1480 parte
610 1422 787 1465 videtur
814 1421 1048 1463 fastidiosa
1077 1423 1265 1464 fortasse
1295 1421 1560 1478 quibusdam
1590 1421 1655 1463 fu-

130 1499 229 1535 tura
258 1491 454 1535 sordium
484 1506 539 1532 ex
567 1489 876 1546 manuscriptis
914 1489 1054 1530 infimi
1082 1489 1243 1546 partim
1272 1489 1370 1532 aevi
1399 1489 1524 1531 libris
1555 1504 1654 1531 con-

130 1560 341 1603 lectarum
370 1559 657 1601 coacervatio.
697 1571 827 1614 quam
847 1557 922 1614 qui
949 1572 1080 1613 aegre
1110 1557 1243 1611 feret,
1277 1572 1376 1599 eum
1406 1557 1464 1599 ad
1494 1556 1655 1613 Silligii

94 1676 101 1684 .
129 1627 272 1670 redire
301 1626 462 1669 iubebo
500 1624 720 1682 ‘squalem
751 1624 1052 1681 scabremque,
1090 1624 1300 1668 inluviem
1337 1640 1390 1667 ac
1419 1625 1653 1668 vastitudi-

129 1698 268 1748 nem',
300 1708 411 1751 quae
441 1699 586 1735 tamen
614 1707 701 1734 non
731 1698 851 1734 caret
871 1698 1041 1735 tantum
1071 1693 1344 1748 gravissimis
1376 1693 1652 1747 testimoniis,

129 1762 206 1805 sed
233 1763 279 1804 in
307 1762 405 1818 ipsa
432 1759 614 1803 inutilis·
631 1760 865 1815 farraginis
890 1759 1163 1804 abundantia
1190 1775 1272 1803 nec
1302 1761 1433 1803 fidem
1462 1767 1654 1803 meretur

126 1845 207 1872 nec
242 1829 299 1871 ad
334 1843 460 1870 usum
497 1827 726 1871 commoda
762 1834 807 1870 et
835 1829 1066 1885 perspicua
1094 1835 1176 1871 est.
1235 1843 1315 1886 ego
1347 1843 1454 1886 quos
1486 1830 1651 1873 contuli

126 1897 296 1939 codices
327 1896 391 1952 (et
427 1910 554 1952 spero
583 1894 655 1938 vel
683 1895 853 1938 confido
892 1911 964 1938 eos
1002 1896 1159 1951 etiam,
1192 1897 1265 1953 qui
1294 1912 1392 1940 mea
1421 1898 1564 1954 gratia
1594 1899 1650 1941 ab

126 1964 223 2007 aliis
262 1963 509 2006 hominibus
547 1962 686 2006 doctis
725 1970 854 2020 atque
885 1965 1098 2006 accuratis
1130 1964 1291 2008 conlati
1322 1965 1442 2020 sunt)
1471 1966 1560 2007 iam
1588 1967 1651 2008 ita

125 2038 277 2089 patent
304 2030 485 2073 curiosis
515 2031 708 2085 artisque
736 2031 915 2074 criticae
945 2032 1122 2088 peritis,
1153 2039 1202 2075 ut
1230 2033 1335 2088 quid
1356 2033 1418 2075 eis
1439 2033 1650 2076 traditum

126 2100 182 2142 sit
210 2099 427 2142 dubitatio
457 2096 577 2140 nulla
606 2098 892 2156 relinquatur,
922 2099 1051 2142 modo
1081 2106 1282 2154 teneant,
1322 2101 1439 2157 quod
1470 2105 1648 2144 consue-

126 2167 277 2209 tudine
319 2165 488 2222 pridem
530 2175 757 2222 receptum
798 2173 929 2223 atque
972 2167 1206 2223 probatum
1251 2173 1339 2221 est,
1385 2169 1648 2226 ubicumque

124 2241 269 2287 taceo,
301 2234 543 2276 consentire
571 2232 786 2276 librorum
815 2234 1066 2276 memoriam
1095 2249 1194 2277 cum
1224 2241 1349 2277 textu
1379 2251 1488 2278 meo.
1531 2239 1647 2294 quod

124 2316 275 2344 moneo
304 2307 482 2357 propter
503 2300 720 2353 'Neuium,
751 2302 825 2357 qui
854 2301 899 2342 in
927 2303 1238 2357 grammaticae
1267 2303 1450 2346 Latinae
1480 2303 1566 2347 vol.
1599 2305 1646 2346 II

125 2383 167 2424 p.
205 2367 289 2409 496
327 2367 567 2410 desiderari
603 2368 767 2423 passim
803 2369 850 2410 in
886 2369 1108 2412 variarum
1145 2369 1382 2414 lectionum
1428 2380 1644 2429 apparatu

124 2449 219 2477 meo
250 2439 411 2476 certam
440 2435 643 2477 notitiam
672 2436 870 2478 inmerito
906 2438 1114 2494 queritur.
1174 2453 1226 2480 ac
1256 2438 1527 2495 diligentiam
1559 2456 1645 2497 qua

128 2505 316 2544 Thuanez'
342 2501 504 2544 codicis
533 2503 677 2545 varias
706 2502 913 2547 lectiones
937 2505 1212 2549 Froehnerus
1244 2508 1439 2550 enotavit
1467 2523 1643 2563 magno-

122 2584 226 2626 pere
264 2568 508 2611 confirmari
537 2569 723 2613 laetatus
762 2587 857 2614 sum
887 2574 973 2627 eis,
1013 2589 1123 2630 quae
1161 2589 1217 2616 ex
1247 2574 1398 2617 eodem
1436 2576 1548 2619 libro
1586 2576 1641 2618 ad

122 2651 308 2679 rosarum
338 2651 512 2679 carmen
542 2644 586 2680 et
615 2638 673 2680 ad
699 2639 937 2684 versiculos
974 2641 1027 2683 de
1057 2649 1114 2683 est
1142 2649 1180 2683 et
1208 2657 1288 2685 non
1324 2642 1639 2700 monosyllabis

123 2703 263 2760 deque
305 2703 575 2747 institutione
612 2710 693 2748 viri
724 2710 820 2749 bom·
861 2709 944 2752 sibi
979 2708 1160 2751 collecta
1193 2709 1434 2755 liberaliter
1471 2727 1639 2754 mecum

123 2771 459 2815 communicavit
488 2776 724 2815 Alexander
752 2779 892 2818 Riese:
922 2777 1030 2820 adeo
1063 2778 1179 2820 enim
1208 2793 1306 2820 eum
1336 2778 1423 2821 illis
1455 2795 1640 2836 congru-
