1884 3126
331 173 380 214 12
906 186 1237 214 PROLEGOMENON

329 309 373 334 ex
403 295 541 347 quibus
571 308 692 336 unum
722 294 914 334 Valerium
945 294 1181 339 Messallam,
1214 294 1411 333 consulem
1443 306 1474 332 a.
1508 292 1606 339 701,
1640 294 1810 333 Caesaris

326 366 365 402 in
386 363 512 401 Africa
541 362 707 412 legatum
739 374 770 401 a.
794 359 874 401 708
903 362 1021 400 luisse
1051 361 1181 400 docuit
1205 361 1436 411 Borgllesius
1467 373 1553 412 opp.
1578 361 1754 400 numism.
1779 361 1807 399 1.

327 443 363 481 p.
393 426 487 468 405.
532 440 603 466 nec
647 429 867 479 panegyrici
919 426 1073 477 (Tibulli
1114 427 1161 466 IV
1193 426 1227 476 1>
1267 432 1400 466 auctor
1437 426 1502 465 ubi
1547 427 1699 466 victoris
1740 439 1810 477 per

327 495 461 534 orbem
493 501 686 533 terrarum
722 506 878 533 cursum
909 493 1093 533 describit
1129 493 1175 544 (v.
1211 491 1288 532 138
1311 505 1366 543 sq.
1401 491 1477 531 147
1508 491 1604 543 sqq.)
1635 492 1719 531 illas
1749 506 1809 531 re-

327 563 460 612 giones
503 561 711 610 praeteriit.
778 572 943 611 cumque
980 560 1028 598 de
1064 558 1183 598 rebus
1223 571 1242 597 a
1280 558 1455 598 Messalla
1493 559 1657 597 Corvino
1694 559 1811 608 gestis

326 628 415 667 inde
453 627 500 665 ab
530 639 631 665 anno
663 627 817 665 demum
849 624 926 665 711.
959 627 1100 664 certior
1131 630 1233 664 extet
1262 626 1466 669 memoria,
1506 629 1633 676 potest
1663 625 1740 663 sive
1771 630 1813 663 ut

326 694 521 743 Scaligero
559 698 597 732 et
627 691 665 731 C.
698 692 761 730 Fr.
796 692 1016 730 Hermanno
1055 691 1198 741 placuit
1235 703 1335 730 anno
1366 689 1445 730 687
1475 692 1551 729 sive
1589 703 1685 742 quae
1716 691 1810 729 Bor-

326 760 449 811 ghesii
493 760 715 797 coniectura
760 763 816 796 est
854 770 953 796 anno
991 757 1145 796 demum
1182 755 1265 796 690
1301 757 1357 796 vel
1388 755 1466 796 691
1507 762 1618 796 natus
1655 762 1712 795 est
1750 756 1809 807 (cf.

326 824 629 864 Reilierscheidii
650 825 755 863 Suet.
786 837 822 875 p.
845 822 897 863 83
918 835 974 875 sq.
998 828 1035 862 et
1056 823 1258 874 Borghesii
1278 835 1366 874 opp.
1391 836 1494 862 num.
1518 823 1532 861 Ι
1553 836 1589 874 p.
1611 821 1692 862 408
1714 822 1811 874 sqq.)

327 898 413 931 ante
444 892 787 942 proscriptionem,
824 901 898 939 qua
927 889 1061 941 pulsus
1091 890 1137 929 ad
1169 890 1330 929 Brutum
1362 896 1399 928 et
1429 884 1605 928 Cassium*
1630 889 1811 940 profugit,

325 960 418 997 soris
448 956 636 1008 stipendia
667 957 872 1004 meruisse,
905 968 1020 1006 quem
1052 955 1141 994 dum
1168 957 1397 995 interficitur
1428 957 1567 995 Caesar
1596 956 1716 994 Roma
1748 954 1812 994 ab·

326 1026 447 1064 l'uisse
484 1025 556 1074 ipsi
594 1022 717 1061 Illviri
761 1021 860 1073 apud
898 1023 1111 1073 Appianum
1151 1021 1186 1060 b.
1220 1035 1251 1060 c.
1282 1022 1329 1060 IV
1358 1019 1411 1061 38
1449 1026 1649 1061 testantur.
1711 1022 1812 1072 atqui

326 1104 426 1130 anno
457 1088 534 1129 727
568 1101 643 1128 non
676 1089 853 1139 georgica
885 1094 1051 1133 tantum,
1084 1087 1410 1127 absolutissimum
1441 1101 1595 1139 poema,
1629 1087 1813 1133 ediderat,

326 1158 391 1197 sed
438 1158 513 1196 iam
556 1158 595 1194 iu
639 1155 809 1195 Aeneide
855 1160 956 1193 totus
1008 1160 1090 1193 erat
1134 1154 1342 1204 Vergilius,
1396 1155 1504 1193 cuius
1547 1153 1690 1192 librum
1735 1154 1814 1204 pri-

327 1236 429 1264 mum
461 1222 519 1261 vel
551 1228 638 1260 ante
669 1222 771 1261 hunc
802 1233 944 1260 annum
967 1222 1154 1271 scriptum
1186 1233 1269 1259 esse
1299 1221 1338 1258 in
1359 1219 1648 1270 Prolegomenis
1669 1220 1814 1258 criticis

327 1291 487 1330 conieci.
547 1301 566 1326 a
603 1287 669 1326 tali
708 1288 822 1338 igitur
867 1292 979 1338 poeta
1024 1299 1100 1325 non
1145 1288 1269 1338 potuit
1307 1287 1443 1325 eodem
1480 1291 1656 1337 tempore
1695 1285 1815 1335 elegia

327 1357 434 1400 oriri,
466 1356 575 1394 cuius
604 1354 742 1392 rudem
773 1353 963 1403 quandam
991 1353 1306 1397 mediocritatem,
1338 1354 1587 1397 ieiunitatem,
1619 1364 1715 1403 quae
1745 1351 1815 1390 ‘ad

326 1434 479 1474 prosam
518 1422 732 1460 orationem
769 1420 1042 1470 vulgaremque
1082 1417 1330 1470 epistolarum
1370 1418 1715 1458 cousuetudinem'
1754 1430 1815 1456 ac-

327 1489 449 1532 cedat,
482 1489 621 1537 ‘atque
651 1488 690 1524 in
721 1487 883 1524 transitu
913 1485 960 1524 ab
991 1497 1064 1524 uua
1098 1486 1286 1524 sententia
1318 1485 1364 1523 ad
1396 1485 1556 1523 alteram
1584 1483 1816 1523 inveniendo

328 1559 594 1607 paupertatem
633 1552 896 1604 inopiamque,
936 1551 1086 1601 qualem
1127 1551 1280 1602 quidem
1320 1551 1379 1589 vix
1410 1551 1449 1589 in
1478 1550 1556 1588 ullo
1586 1554 1697 1601 poeta
1727 1555 1815 1601 post

327 1625 539 1671 Augustum
583 1619 776 1670 reperias'
819 1619 957 1656 merito
1001 1618 1146 1656 notavit
1180 1615 1350 1655 Naekius
1393 1618 1434 1655 in
1475 1615 1618 1655 Catone
1653 1628 1690 1666 p.
1722 1614 1815 1655 233.

329 1701 400 1726 nec
444 1684 681 1738 probabilior
716 1684 877 1723 Roberti
914 1685 1044 1733 Unger
1080 1684 1119 1721 in
1157 1682 1256 1721 libro
1294 1682 1340 1720 de
1379 1682 1417 1721 C.
1451 1680 1571 1732 Valgii
1599 1682 1687 1720 Rufi
1724 1693 1815 1732 poe-

329 1755 441 1793 matis
470 1766 505 1804 p.
527 1749 610 1791 304
629 1762 711 1802 sqq.
743 1751 913 1800 exposita
945 1750 1074 1800 opinio
1106 1753 1180 1792 est,
1211 1748 1383 1798 Valgium
1416 1747 1592 1786 redeunti
1622 1760 1668 1786 ex
1698 1746 1818 1786 Gallia

330 1819 528 1860 Messallae
565 1818 637 1856 hac
674 1816 793 1867 elegia
832 1815 1068 1867 gratulatum
1107 1827 1201 1854 esse.
1263 1816 1327 1864 qui
1356 1827 1444 1853 cum
1473 1814 1631 1852 Horatio
1662 1815 1817 1853 satiram

329 1887 344 1925 l
378 1884 448 1930 10,
481 1885 528 1923 de
566 1895 639 1933 qna
671 1894 788 1934 supra
818 1882 1004 1927 diximus,
1048 1881 1231 1924 scribenti
1263 1893 1349 1919 cum
1381 1881 1511 1930 paucis
1541 1880 1705 1919 idoneus
1736 1892 1817 1918 car·
1867 1912 1869 1914 .

330 1953 475 1991 minum
508 1951 591 1989 eius
619 1949 736 1988 iudex
765 1948 920 1987 habitus
950 1949 1015 1992 sit,
1048 1958 1213 1996 cumque
1244 1958 1344 1984 anno
1375 1943 1454 1984 723
1486 1945 1532 1984 ab
1563 1950 1721 1984 auctore
1751 1958 1817 1996 pa-

330 2018 500 2069 negyrici
531 2016 578 2055 ad
599 2014 811 2054 Messallam
835 2014 880 2066 (v.
907 2012 986 2053 180
1005 2013 1074 2065 sq.)
1104 2019 1298 2063 tamquam
1329 2013 1524 2063 perfectus
1554 2016 1664 2062 poeta
1695 2011 1821 2050 verbis

330 2084 503 2136 quamvis
538 2081 756 2121 adulatione
787 2081 908 2120 auctis
938 2080 1026 2130 ‘qui
1055 2081 1177 2131 possit
1206 2081 1354 2129 magnis
1384 2092 1425 2117 se
1455 2079 1658 2127 accingere
1688 2077 1818 2120 rebus,

366 2183 373 2190 .
407 2155 563 2190 aeterno
601 2149 762 2199 propior
799 2159 876 2186 non
914 2146 1011 2186 alter
1040 2147 1233 2185 IIomero'
1271 2145 1534 2196 praedicetur,
1575 2149 1681 2183 certe
1719 2155 1819 2183 anno

332 2216 410 2257 727
442 2222 616 2255 maturae
646 2215 782 2253 aetatis
814 2219 852 2253 et
881 2214 974 2253 artis
1004 2213 1060 2251 vir
1089 2213 1171 2251 fuit.

441 2315 548 2355 illam
588 2313 749 2363 elegiam
787 2314 853 2363 qui
891 2314 982 2351 fecit
1009 2311 1165 2351 iuvenili
1195 2310 1322 2350 studio
1353 2315 1391 2349 et
1420 2308 1608 2348 Catullum
1640 2308 1700 2358 (cf.
1732 2321 1763 2346 v,
1795 2306 1822 2347 5

334 2396 419 2422 cum
466 2380 601 2420 Catulli
638 2379 752 2418 LXVI
785 2377 853 2423 13,
901 2391 933 2417 V.
966 2377 988 2417 7
1028 2390 1115 2417 cum
1153 2375 1287 2417 Catulli
1327 2375 1421 2414 LXV
1457 2373 1495 2425 3)
1542 2379 1579 2413 et
1616 2373 1820 2424 Vergilium

332 2449 395 2497 (cf.
428 2461 459 2485 v,
494 2446 544 2484 11
576 2457 663 2483 cum
695 2444 767 2483 ecl.
798 2444 813 2482 1
842 2442 895 2483 32
925 2444 1019 2483 Aen.
1051 2444 1098 2482 lv
1127 2442 1200 2487 20;
1245 2456 1278 2481 v.
1312 2441 1360 2480 17
1392 2453 1479 2480 cum
1510 2440 1579 2479 ecl.
1613 2440 1628 2478 l
1661 2439 1695 2491 1)
1737 2441 1820 2478 imi-

333 2520 433 2552 tatus
464 2517 522 2551 est
551 2511 649 2561 (vide
679 2510 865 2549 Naekium
897 2510 919 2547 l.
943 2510 1004 2559 l.),
1036 2514 1239 2560 praeterea
1269 2513 1396 2546 autem
1428 2506 1501 2545 illis
1531 2507 1696 2544 maxime
1725 2505 1820 2543 deii-

334 2581 401 2620 ciis
430 2578 607 2626 indulsit,
654 2589 751 2627 quae
783 2576 976 2627 Lygdamo
1007 2577 1165 2627 eiusque
1204 2573 1355 2623 aequali
1385 2572 1518 2612 Ovidio
1554 2583 1648 2622 prae
1684 2571 1822 2643 ceteris

334 2646 582 2698 placuerunt:

336 2772 365 2795 v.
390 2759 409 2794 1
433 2769 512 2805 sqq.
558 2767 690 2802 pauca
721 2756 824 2795 milei,
864 2757 963 2790 niveo
995 2755 1056 2790 sed
1085 2765 1158 2790 non
1189 2753 1366 2799 incognita
1395 2750 1557 2790 Phoebo,

625 2822 757 2857 pauca
786 2811 873 2847 milzz'
900 2809 1023 2846 doctae
1052 2809 1158 2845 dicite
1187 2807 1385 2855 Pegasides.
