1884 3126
777 101 1053 139 PRAEFATm.
1610 102 1674 132 vn

162 217 281 259 duxi.
342 215 514 259 videbis
555 221 720 268 autem,
760 214 958 272 quamvis
994 214 1198 270 religioso
1228 214 1433 270 Fogginii
1464 214 1685 271 exemplar

162 285 279 342 typis
318 284 504 340 exprimi
541 283 763 338 iusserim,
803 288 947 325 tamen
977 297 1088 339 quae
1117 282 1161 323 in
1191 282 1386 338 prolegg.
1418 296 1611 323 meorum
1642 298 1684 338 p.

160 353 243 395 222
273 352 475 408 leguntur
503 366 557 394 116
586 366 723 407 genus
756 350 929 407 quidem
960 350 1203 392 litterarum
1235 349 1384 405 quales
1417 351 1461 391 in
1491 350 1585 406 ipso
1618 365 1685 392 co—

161 420 257 462 dice
292 420 495 476 leguntur
531 419 640 462 satis
679 418 866 460 fideliter
903 417 1124 461 exhibere.
1186 432 1287 459 nam
1331 418 1378 459 in
1422 417 1540 460 tituli
1586 434 1627 459 v.
1660 420 1686 457 2

161 495 386 543 6011168111,
433 503 521 530 11011
566 497 774 528 CODICEM
819 491 960 540 extat3
1014 485 1058 526 in
1109 485 1309 528 distichis
1361 485 1463 528 inde
1509 500 1535 526 a
1578 500 1621 527 v.
1659 485 1687 526 5

160 556 368 612 capitales
401 560 502 596 sunt
530 553 699 597 litterae
729 560 903 610 praeter
932 559 1122 607 ceteras,
1155 552 1208 595 de
1233 553 1390 609 quibus
1422 568 1526 596 vere
1557 558 1686 595 testa-

161 630 230 666 tus
262 629 328 665 est
348 622 609 678 Fogginius,
642 629 670 668 (3
701 621 803 676 (hac
843 620 1005 676 forma,
1051 636 1162 677 quae
1198 621 1331 663 etiam
1374 620 1420 662 in
1463 619 1686 677 superiore

159 690 284 733 titulo
316 705 358 731 v.
389 690 416 731 2
453 688 765 744 restituenda),
797 700 847 743 L,
880 700 929 742 P,
963 689 1043 731 scd
1074 689 1182 731 haec
1209 695 1259 732 ut
1288 689 1507 731 interdum
1538 686 1684 744 paullo

160 759 277 800 infra
305 757 465 800 lineam
496 756 755 811 descendat3
797 757 1021 799 descendit
1050 763 1301 808 constanter
1330 762 1380 798 ut
1411 763 1439 810 q
1470 756 1619 798 littera
1650 764 1684 810 f,

160 827 338 869 minoris
385 826 549 867 formae
594 839 763 881 semper
808 830 909 867 sunt
955 832 1008 879 Α,
1049 839 1068 867 ε
1106 825 1176 867 vel
1217 836 1262 879 e,
1302 832 1365 866 m.
1426 823 1576 866 docuit
1617 839 1685 866 mc

156 899 382 951 praeterea
402 893 591 950 Heysius
623 892 951 934 accuratissima
982 892 1280 945 enarratione,
1313 891 1523 934 eademne
1553 907 1685 934 manu

156 961 309 1004 titulus
332 960 528 1017 superior
560 961 622 1016 (v.
647 961 668 1001 1
683 985 728 990 -—-
744 959 790 1015 3)
813 966 856 1002 61
876 959 1065 1002 disticha
1086 960 1148 1015 (v.
1171 959 1211 1002 5.
1237 959 1404 1002 7-12,
1429 959 1500 1015 14)
1523 960 1685 1016 scripta

159 1026 246 1071 sii⁴1t
274 1043 453 1086 prorsus
484 1042 580 1070 6886
611 1027 886 1084 ambiguum:
920 1033 963 1069 at
992 1027 1158 1070 calamo
1187 1028 1328 1083 magis
1362 1027 1538 1080 obtuso,
1570 1027 1683 1070 litte-

156 1097 215 1139 ris
237 1096 365 1154 paulo
387 1095 697 1150 crassioribus,
730 1101 971 1138 atramento
994 1096 1192 1150 diverso,
1225 1095 1434 1138 subfusco
1458 1093 1533 1137 illo
1545 1127 1557 1149 ,
1580 1110 1683 1151 crgo

156 1180 243 1207 non
273 1164 423 1206 eodem
444 1170 560 1206 certe
581 1162 653 1205 die
673 1164 780 1206 haec
802 1169 997 1218 exarata,
1031 1157 1268 1220 eademque
1298 1178 1429 1208 manu
1457 1168 1501 1204 et
1531 1163 1682 1205 eodem

155 1238 347 1287 tempore
368 1247 451 1288 quo
485 1231 628 1273 cetera
657 1231 785 1273 etiam
816 1230 1019 1273 ultimum
1051 1248 1092 1274 v.
1117 1231 1170 1272 14
1199 1230 1397 1273 additum
1425 1245 1534 1273 6886.
1566 1231 1682 1287 quod

155 1315 259 1343 vero
290 1299 336 1341 in
365 1300 561 1354 margine
592 1313 618 1340 a
648 1306 893 1342 correctore
922 1299 990 1341 his
1021 1298 1179 1342 litteris
1212 1297 1479 1355 capitalibus
1510 1298 1681 1355 adposi-

155 1375 246 1410 tum
284 1374 350 1410 est
395 1379 602 1409 PRETIVM
651 1366 722 1422 (V,
767 1382 854 1410 non
898 1366 947 1422 U)
984 1366 1119 1409 multo
1156 1365 1403 1422 gracilioris
1446 1373 1490 1409 61
1533 1367 1682 1409 exilio—

153 1436 213 1478 ris
246 1435 425 1490 ductus,
458 1435 647 1492 speciem
678 1434 852 1491 quidem
883 1434 1171 1491 antiquiorem
1203 1435 1403 1491 quamvis
1434 1434 1546 1477 falso
1577 1450 1681 1491 prae

155 1519 201 1547 se
227 1503 340 1545 ferre
365 1517 496 1559 quam
521 1508 691 1544 textum
722 1502 1070 1558 subscriptionis.
1130 1501 1247 1558 quod
1276 1503 1505 1544 verissime
1534 1509 1681 1546 monet

153 1571 372 1613 luculento
411 1569 608 1626 exemplo
647 1585 743 1612 6886
780 1585 912 1626 quam
950 1570 1167 1612 lubricum
1205 1570 1258 1612 de
1299 1570 1540 1627 scripturae
1570 1572 1680 1613 anti-

157 1639 347 1695 quitate,
381 1639 418 1679 si
448 1637 542 1679 sola
571 1637 882 1680 elementorum
911 1638 1054 1680 forma
1083 1638 1273 1692 nitatur,
1304 1638 1520 1680 iudicium
1544 1639 1616 1681 sit.

265 1705 335 1747 De
357 1705 504 1748 codice
525 1709 572 1747 M
580 1712 665 1747 ont
674 1709 748 1757 isp
758 1709 894 1747 essul
903 1719 999 1747 ano
1007 1738 1018 1759 ,
1044 1720 1170 1761 quem
1191 1706 1385 1748 nondum
1405 1706 1680 1762 exploratum

152 1789 247 1816 esse
267 1788 518 1816 monueram
539 1774 585 1814 in
605 1771 799 1829 prolegg.
823 1788 865 1828 p.
887 1773 983 1827 361,
1012 1774 1082 1815 vir
1103 1773 1382 1816 doctissimus
1408 1777 1452 1815 G.
1476 1778 1675 1825 Βεφιοίί,

150 1840 437 1884 Massiliensis
476 1841 590 1897 lycei
627 1840 871 1898 professor,
910 1840 1024 1896 ultro
1063 1841 1218 1883 litteris
1254 1841 1578 1884 humanissimis
1610 1858 1678 1884 me

150 1909 375 1952 certiorem
413 1908 519 1951 fecit
555 1908 787 1966 docuitque
826 1909 1062 1966 specimine
1093 1909 1326 1953 lectionum
1357 1924 1413 1952 ex
1442 1911 1675 1966 georgicon

150 1976 251 2019 libri
280 1977 352 2019 III
382 1976 505 2020 initio
530 1982 831 2034 excerptarum
852 1977 1017 2019 nullam
1048 1977 1141 2019 eius
1171 1977 1436 2034 peculiarem
1467 1979 1676 2022 virtutem

150 2060 257 2087 6886.
317 2044 505 2101 pertinet
540 2045 654 2087 enim
691 2044 803 2088 liber
840 2059 1019 2088 numero
1048 2044 1132 2087 253
1163 2046 1361 2100 signatus
1392 2051 1437 2088 et
1466 2053 1676 2103 quantum

150 2112 335 2155 duorum
376 2127 582 2155 versuum
627 2114 868 2170 scripturae
914 2113 1113 2170 exemplo
1166 2114 1359 2156 iudicare
1409 2113 1512 2156 lieet
1560 2128 1675 2157 nono

150 2180 322 2224 saeculo
352 2181 587 2235 recentior,
618 2187 666 2222 ut
696 2182 789 2237 ipse
819 2180 932 2224 vidit
961 2181 1030 2223 vir
1059 2180 1345 2234 clarissimus,
1375 2181 1432 2223 ad
1461 2181 1674 2224 familiam

150 2249 271 2292 libris
302 2248 596 2291 Bernensibus
626 2252 675 2291 bc
703 2254 1097 2305 repraesentatam,
1119 2255 1267 2290 tamen
1296 2255 1345 2291 ut
1375 2248 1536 2291 codicis
1567 2265 1590 2292 e
1621 2251 1674 2292 si-

150 2315 292 2358 milior
330 2316 388 2358 sit
417 2330 546 2371 quam
577 2315 755 2357 alterius
785 2320 822 2358 b.
881 2316 1083 2359 versibus
1122 2316 1302 2359 secundi
1330 2315 1541 2359 Aeneidis
1572 2317 1673 2360 libri

149 2382 374 2424 567-588
404 2389 452 2424 ut
481 2382 677 2439 plerique
707 2398 854 2426 omnes
885 2389 1016 2426 caret.

239 2449 390 2505 Longe
411 2451 779 2493 accuratissimam
799 2450 1071 2509 collationem
1093 2452 1253 2494 codicis
1275 2455 1364 2494 Lei
1369 2456 1535 2495 densis
1563 2458 1670 2496 Vos—

149 2522 289 2559 siam·
318 2518 393 2558 111
429 2517 591 2559 saeculi
621 2518 710 2572 IX,
740 2519 855 2562 unde
875 2520 1093 2562 Lucianus
1115 2519 1299 2562 Mueller
1329 2520 1372 2561 in
1401 2535 1509 2563 mus.
1533 2521 1670 2564 Rhen.

150 2585 267 2626 XIX
291 2585 371 2626 114
390 2600 484 2641 sqq.
516 2594 812 2636 argumenta
841 2592 1051 2630 metrica
1081 2587 1328 2630 decasticha
1348 2588 1486 2631 edidit
1514 2604 1619 2631 mox
1645 2604 1672 2631 a

149 2667 218 2694 me
237 2653 461 2707 recognita
479 2652 525 2695 in
546 2653 859 2709 prolegomenis
881 2671 922 2712 p.
943 2655 1027 2698 369
1048 2670 1137 2712 sqq.
1149 2688 1160 2710 ,
1182 2663 1334 2711 gratus
1355 2664 1577 2714 acceptam
1596 2672 1671 2699 re—

150 2720 244 2763 fero
260 2722 352 2771 Alf
353 2724 445 2762 red
451 2726 468 2763 z·
484 2725 529 2763 H
533 2726 580 2763 ol
587 2725 700 2763 dere·
716 2721 992 2778 benignitati,
1010 2724 1083 2779 qui
1101 2738 1156 2765 ex
1175 2724 1404 2766 itineribus
1426 2724 1567 2767 redux
1586 2725 1670 2768 hoc

150 2787 246 2843 ipso
282 2785 428 2831 mense
466 2789 706 2832 transmisit
744 2805 854 2846 quae
884 2790 1069 2847 Vergilii
1105 2792 1189 2833 mei
1227 2792 1272 2834 in
1311 2807 1437 2834 usum
1474 2794 1666 2835 converti
