1884 3126
323 150 377 193 30
902 165 1229 196 PROLEGOMENON

322 280 442 320 esset,
486 274 610 314 Vossii
648 287 798 327 quoque
837 278 1097 316 testimonium
1129 277 1309 327 adposui,
1355 289 1430 315 non
1463 276 1563 328 quod
1595 277 1806 317 diffiderem

321 340 558 385 Froehnero,
582 341 650 380 sed
673 343 757 392 quia
788 343 951 381 fortasse
973 348 1036 381 aut
1056 343 1301 382 Petavianum
1323 347 1386 380 aut
1407 343 1522 381 alium
1544 345 1673 382 nescio
1695 356 1807 394 quem

321 406 494 445 codicem
516 407 580 445 ille
602 407 664 446 his
680 407 773 446 locis
790 408 1003 459 descripsit.
1035 408 1169 458 Silligii
1190 410 1405 448 testimonia
1425 414 1462 448 et
1477 421 1611 449 manca
1629 415 1666 448 et
1682 411 1808 449 [ninus

322 473 393 511 fida
425 474 464 511 in
486 473 558 512 boc
578 479 619 512 ut
646 475 685 512 in
707 474 791 512 aliis
812 474 918 513 libris
940 487 1054 526 saepe
1075 480 1256 526 expertus
1277 486 1373 513 sum.
1419 474 1516 525 siglo
1538 487 1628 514 usus
1650 488 1734 514 sum
1760 478 1805 514 Υ.

433 573 752 617 petavianus,
785 573 850 622 qui
881 573 972 611 olim
995 573 1152 612 Parisiis
1183 575 1266 618 suit,
1299 573 1364 612 ubi
1393 575 1589 627 inspectus
1620 580 1677 612 est
1706 587 1806 613 anno

323 636 428 676 1646
458 651 479 676 a
509 639 663 677 Nicolao
702 639 857 677 Heinsio
897 639 993 690 (syll.
1026 641 1134 690 epist.
1167 640 1299 678 Burm.
1331 639 1382 677 ΙΙΙ
1419 653 1455 690 p.
1490 638 1568 678 168
1597 651 1653 689 sq.
1695 642 1805 690 epist.

321 704 367 742 ad
398 704 589 755 [loppium
622 718 656 755 p.
689 705 801 756 LlV),
841 717 940 743 anno
974 703 1077 743 1651
1117 718 1205 744 cum
1243 708 1382 744 ceteris
1413 706 1638 744 petavianae
1668 706 1804 744 biblio-

321 769 455 808 thecae
484 770 605 814 libris,
641 772 741 809 inter
772 783 870 821 quos
898 772 1149 821 manuscripti
1179 771 1431 822 quadraginta
1463 777 1583 816 crant,
1616 772 1805 810 Ilolmiam

321 835 469 873 videtur
512 835 719 874 translatus
764 849 846 874 esse
891 836 984 886 (syll.
1027 838 1135 886 epist.
1175 850 1211 887 p.
1242 835 1336 876 267.
1367 836 1462 876 602.
1494 835 1574 876 605
1603 839 1696 888 sq.)‚
1741 838 1807 877 ubi

320 907 447 939 tamen
484 913 586 940 nunc
617 914 740 952 neque
770 901 874 940 hunc
904 913 1029 951 neque
1062 902 1180 941 ullum
1211 903 1503 941 Petavianorum
1535 904 1709 942 codicum
1741 917 1805 942 ex·

322 972 402 1004 tare
447 967 663 1016 praefectus
706 967 974 1006 bibliothecae
998 967 1099 1006 illius
1135 968 1335 1019 respondit
1371 974 1527 1019 rogatus
1565 982 1648 1008 mea
1685 971 1805 1019 gratia

320 1044 389 1081 per
434 1033 618 1083 collegam
665 1034 987 1072 officiosissimum
1033 1033 1281 1072 Theodorum
1326 1035 1530 1073 Moebium.
1595 1047 1687 1085 ergo
1735 1037 1806 1073 nisi

320 1099 433 1149 periit
461 1099 662 1149 probabile
694 1106 750 1138 est
779 1099 900 1138 latere
929 1098 1037 1138 illum
1067 1101 1168 1137 inter
1199 1106 1349 1138 ceteros
1378 1099 1498 1138 libros
1526 1102 1806 1151 manuscriptos

319 1177 339 1202 a
370 1164 561 1203 Christina
591 1167 723 1215 regina
756 1165 1014 1204 bibliothecae
1045 1165 1248 1204 Vaticanae
1278 1166 1452 1204 donatos.
1506 1179 1671 1217 quorum
1702 1172 1803 1205 cata-

319 1230 448 1280 logum
478 1231 695 1269 consectum
726 1243 746 1269 a
778 1231 942 1269 Dudikio
979 1232 1078 1270 inter
1111 1231 1195 1282 plus
1225 1231 1300 1270 duo
1332 1231 1434 1270 milia
1473 1231 1659 1270 librorum
1691 1234 1805 1271 etiam

320 1296 475 1346 Vergilii
506 1297 739 1347 exemplaria
770 1297 957 1347 quaedam
987 1297 1101 1335 audio
1130 1309 1371 1341 enumerare,
1403 1297 1470 1335 sed
1492 1310 1569 1336 non
1590 1299 1805 1339 accuratius

318 1362 379 1400 illa
412 1363 617 1413 descripta.
677 1364 831 1401 interim
862 1363 952 1400 dum
983 1363 1110 1401 denuo
1142 1364 1387 1412 investigatus
1419 1363 1511 1408 erit,
1552 1376 1598 1402 ex
1627 1363 1708 1402 solo
1738 1364 1804 1402 illo

318 1428 541 1478 appendicis
572 1427 840 1478 Scaligeranae
872 1428 1081 1479 exemplari
1111 1430 1294 1478 cognosci
1324 1433 1467 1479 potest,
1506 1430 1612 1467 cuius
1642 1430 1804 1479 margini

318 1494 365 1531 Is.
398 1495 554 1532 Vossius
592 1499 630 1531 et
666 1495 780 1532 huius
818 1499 856 1535 et
899 1494 1073 1532 Thuanei
1116 1494 1302 1533 lectiones
1339 1495 1554 1545 adscripsit.
1615 1497 1679 1546 qui
1716 1508 1801 1534 cum

315 1560 520 1598 Petaviano
559 1559 719 1598 contulit
753 1561 917 1598 culicem
952 1571 1092 1608 copam
1122 1565 1160 1598 et
1190 1562 1464 1611 epigrammata
1494 1561 1637 1599 anthol.
1670 1561 1800 1599 Burm.

317 1626 332 1663 l
366 1624 454 1664 136.
495 1625 528 1663 ΙΙ
568 1623 657 1663 192.
699 1625 725 1661 V
758 1623 846 1663 132.
888 1636 985 1674 quae
1030 1627 1142 1664 etiam
1187 1627 1227 1664 in
1263 1626 1448 1664 Tlnuaneo
1486 1626 1677 1676 leguntur.
1734 1628 1803 1665 sed

317 1704 405 1730 cum
443 1690 605 1729 eandem
645 1690 748 1729 illam
787 1691 1078 1741 inscriptionem
1114 1691 1380 1730 POETARVM
1410 1705 1444 1731 e.
1475 1705 1510 1743 q.
1542 1706 1572 1730 s.
1612 1704 1726 1743 quam
1757 1705 1803 1730 ex

315 1757 499 1795 Thuaneo
530 1769 647 1807 supra
678 1756 874 1806 descripsi,
905 1757 943 1794 in
974 1757 1046 1795 hoc
1077 1768 1230 1807 quoque
1259 1757 1382 1795 isdem
1412 1757 1550 1796 litteris
1579 1757 1655 1808 legi
1687 1763 1801 1796 teste-

316 1828 380 1861 tur
410 1823 585 1866 Vossius,
625 1823 718 1859 satis
749 1821 963 1872 probabilis
993 1822 1126 1861 Naekii
1163 1824 1213 1873 (p.
1243 1821 1336 1873 339)
1377 1824 1597 1862 coniectura
1636 1829 1714 1869 est,
1755 1836 1801 1862 ne

316 1894 445 1927 cetera
476 1888 652 1938 quidem,
693 1900 791 1938 quae
821 1890 1011 1926 iuvenalis
1038 1890 1125 1927 ludi
1151 1890 1281 1927 libello
1313 1890 1579 1934 continentur,
1618 1890 1800 1928 defuisse.

316 1967 360 1993 ac
390 1956 502 1993 diras
532 1959 662 1992 extare
692 1955 731 1991 in
764 1954 981 1991 eodiserte
1011 1954 1104 1992 dicit
1132 1954 1312 1993 Heinsius
1341 1955 1388 1993 ad
1420 1955 1543 1994 Ovidii
1573 1956 1683 2006 epist.
1714 1955 1799 1994 XIX

313 2019 386 2065 26,
425 2020 560 2058 abesse
597 2026 672 2058 tam
704 2020 751 2057 ab
783 2019 855 2058 hoc
886 2031 999 2069 quam
1030 2033 1049 2058 a
1080 2020 1266 2059 Thuaneo
1295 2023 1396 2059 cire'n
1426 2021 1527 2060 idem
1558 2022 1733 2060 adfirmat
1761 2023 1800 2060 in

315 2088 423 2137 epist.
456 2087 503 2124 ad
533 2087 607 2125 lac.
629 2087 865 2124 Gronovium
897 2086 948 2136 (in
978 2086 1190 2124 Burmanni
1220 2088 1329 2137 epist.
1361 2086 1596 2125 dedicatoria
1626 2099 1663 2137 p.
1693 2087 1799 2138 LlV).

315 2153 362 2190 de
393 2158 516 2191 aetate
546 2151 639 2190 nihil
670 2156 838 2195 constat,
869 2151 941 2189 nisi
970 2151 1071 2202 quod
1102 2152 1395 2190 ‘veterrimum’
1426 2152 1594 2202 appellat
1622 2153 1800 2191 Heinsius

314 2219 361 2256 ad
392 2219 498 2257 Ovid.
530 2218 554 2257 l.
586 2217 610 2256 l.
640 2219 785 2267 signavi
814 2217 940 2256 littera
970 2219 1014 2256 P.

425 2285 478 2323 Ex
517 2284 653 2323 eodem
690 2284 790 2322 libro
828 2283 1004 2321 videntur
1042 2289 1221 2334 excerpta
1260 2296 1342 2322 esse
1375 2295 1475 2334 quae
1506 2284 1731 2339 Gronovius·
1758 2284 1798 2322 in

314 2350 528 2389 adversaria
558 2350 688 2388 intulit
716 2362 816 2400 quae
845 2352 885 2388 in
915 2351 1007 2388 bibl.
1039 2351 1224 2389 Leidensz‘
1250 2353 1354 2389 inter
1385 2351 1638 2389 Gronoviana
1658 2363 1695 2388 n.
1722 2348 1797 2389 127

315 2421 529 2455 servantur.
578 2416 774 2466 pertinent
803 2416 905 2453 enim
937 2415 983 2453 ad
1012 2427 1151 2465 copam
1180 2423 1368 2455 morelum
1396 2418 1555 2455 culicem
1579 2422 1616 2454 et
1644 2428 1799 2467 semper

314 2484 397 2521 l'ere
442 2488 659 2532 congruunt
698 2494 786 2520 cum
817 2483 861 2520 P.
921 2493 1018 2532 quae
1052 2482 1117 2520 ubi
1155 2483 1472 2527 commemoravi,
1510 2482 1606 2532 siglo
1636 2486 1698 2520 ta
1736 2494 1797 2520 me

314 2548 486 2599 praedita
517 2553 618 2588 sunt.

425 2648 686 2687 Vossianus
723 2647 811 2688 cod.
843 2646 932 2688 Lat.
961 2647 1216 2688 bibliothecae
1244 2648 1444 2687 Leidensis
1474 2647 1556 2686 Oct.
1583 2658 1621 2685 n.
1647 2639 1716 2692 81,
1747 2658 1799 2685 ex

313 2715 403 2754 bibl.
449 2714 501 2753 Is.
551 2716 677 2753 Vossii
702 2713 803 2759 265,
853 2715 1015 2753 membr.
1061 2727 1160 2753 saec.
1191 2713 1256 2753 XV
1300 2711 1418 2752 nitide
1454 2713 1519 2752 sed
1564 2712 1800 2764 compendiis

314 2781 491 2832 plurimis
521 2781 686 2832 scriptus
716 2782 887 2819 continet
914 2782 1088 2841 Iffriapea
1116 2781 1179 2820 roi.
1205 2779 1349 2826 1-10‚
1381 2781 1577 2819 Mor-etum
1604 2779 1668 2818 sol.
1694 2778 1794 2816 11—-
