1884 3126
307 164 385 205 172
983 176 1120 204 DIRAE.

417 303 504 342 hinc
535 315 606 353 ego
636 303 684 342 de
714 302 860 350 tumulo
891 315 975 341 mea
1005 314 1095 341 rura
1125 302 1331 341 novissima
1349 298 1502 352 'visqm3

416 370 504 408 hinc
534 369 598 408 ibo
628 371 667 408 in
698 369 831 408 silvas:
864 368 1073 407 obstabunt
1102 369 1178 407 iam
1208 367 1302 406 mihi
1333 366 1484 413 colles,-

415 436 622 475 obstabunt
651 441 815 474 montes.
874 447 1030 486 campos
1062 434 1195 473 audire
1224 433 1356 494 licelgit

342 550 370 571 ιιι
416 535 559 574 ‘dulcia
588 548 678 574 rura
708 534 829 573 valete
860 540 898 573 et
927 534 1043 585 Lydia
1074 532 1224 572 dulcior
1254 530 1328 570 illis

417 606 455 639 et
483 603 577 640 casti
607 603 731 641 sontes
762 606 798 640 et
828 600 916 639 felix
947 612 1088 639 nomen
1119 598 1249 649 agelli!
1641 642 1647 647 .
1743 601 1795 637 90

416 669 589 717 quamvis
617 669 718 718 ignis
749 668 845 711 eris,
876 667 1049 717 quamvis
1078 678 1192 717 aqua,
1225 676 1378 716 semper
1409 663 1564 703 amabo:
1717 665 1794 702 102

415 734 736 788 gaudiasemper
766 732 868 771 enim
898 737 962 771 tua
992 744 1054 771 me
1084 732 1305 770 meminisse
1334 730 1496 770 licebit)

351 827 373 866 l'
418 833 563 871 tardius
593 845 613 871 a
643 833 809 871 miserae
839 831 1060 870 descendite
1091 835 1222 869 monte
1253 829 1438 883 capellae:
1475 804 1509 851 [2
1536 832 1565 853 '²¹
1744 831 1792 867 91

416 887 544 937 mollia
574 910 651 937 non
682 899 822 936 iterum
852 898 1020 948 carpetis
1051 896 1187 948 pabula
1218 902 1321 936 nota.

417 971 536 1015 tuque
566 966 719 1009 resiste,
751 969 871 1015 pater.
933 976 981 1002 en
1011 964 1133 1015 prima
1164 964 1370 1002 novissima
1400 961 1511 1001 nobis

417 1099 572 1136 intueor
602 1108 758 1147 campos
787 1095 963 1146 longum:
996 1101 1126 1134 manet
1157 1097 1260 1135 ensis
1290 1097 1330 1134 in
1360 1094 1446 1134 illis.

333 1193 374 1233 m‘
418 1209 509 1235 rura
540 1195 662 1234 valete
691 1197 847 1240 iterum,
881 1201 997 1245 tuque
1028 1176 1178 1246 optimis
1201 1194 1319 1246 Lydia
1349 1193 1462 1233 salve.
1539 1167 1549 1181 Ι
1745 1195 1795 1232 95

417 1332 496 1369 sive
526 1330 620 1375 eris,
653 1329 724 1368 etsi
754 1340 830 1367 non
861 1339 1012 1367 mecum
1044 1328 1239 1372 morieris,
1274 1331 1478 1377 utrumque

508 1488 724 1523 extremum
754 1494 912 1522 carmen
941 1493 1169 1521 revocemus
1200 1481 1355 1520 Battare
1385 1492 1515 1520 avena.

345 1572 380 1609 b'
423 1573 549 1613 dulcia
581 1551 709 1611 affiiisszi
739 1572 850 1622 prius
880 1571 972 1609 fient
1002 1575 1039 1609 et
1068 1569 1195 1609 mollia
1228 1569 1334 1614 dura,

419 1640 580 1679 candida
610 1640 720 1689 nigra
749 1637 851 1677 oculi
880 1642 1041 1676 vernent
1071 1642 1108 1675 et
1137 1636 1295 1676 dextera
1324 1636 1442 1681 laeva,

420 1698 641 1756 migrabunt
671 1716 782 1749 casus
811 1703 935 1742 aliena
965 1705 1005 1742 in
1035 1715 1197 1754 corpora
1226 1714 1369 1746 rerum,
1721 1705 1800 1742 100

420 1785 535 1824 quam
566 1778 630 1810 tua
661 1771 708 1809 de
739 1771 884 1809 nostris
915 1771 1078 1819 emigret
1107 1781 1198 1808 cura
1230 1768 1421 1817 medullis.

427 1875 479 1911 86
510 1873 696 1910 (lecumulo
727 1882 747 1909 ε
871 1868 1057 1907 novissima
1087 1868 1121 1917 (”
1153 1869 1269 1916 eras.)
1298 1870 1322 1904 B
1461 1869 1512 1906 88
1543 1869 1640 1906 adire
1670 1871 1712 1906 H
1738 1881 1802 1905 nec

311 1931 406 1967 adire
436 1931 490 1966 Za
608 1927 739 1964 licebat
774 1928 818 1963 W
968 1926 1018 1963 89
1048 1928 1178 1962 littera
1215 1927 1350 1961 initiali
1382 1927 1535 1961 miniata
1565 1926 1601 1960 B
1712 1926 1802 1961 Post

313 2000 344 2023 1).
377 1986 430 2023 90
459 1987 618 2038 inseruit
650 1982 726 2020 102
758 1993 813 2029 sq.
843 1983 1083 2019 -Goebbelias
1210 1980 1287 2017 102
1318 1983 1356 2016 in
1393 1981 1499 2016 libris
1536 1982 1692 2027 reliquis
1727 1992 1802 2016 non

310 2043 445 2078 haberi
480 2042 569 2076 dicit
601 2039 764 2075 Bembus
788 2050 829 2084 p.
862 2038 933 2074 87:
984 2049 1051 2073 om.
1085 2046 1137 2084 φε
1168 2047 1249 2072 cum
1281 2038 1477 2081 eoepressis
1506 2039 1594 2071 ante
1623 2036 1802 2071 Bembum

312 2097 606 2142 exemplaribus.
722 2093 829 2136 Quam
866 2093 920 2128 uis
957 2091 1038 2139 (bis)
1070 2092 1105 2128 B
1253 2090 1330 2127 103
1361 2091 1453 2126 enim
1483 2101 1551 2126 om.
1590 2091 1633 2126 H
1741 2095 1802 2126 tua

311 2156 556 2199 ¹¹¹⁰1neminisse
587 2160 656 2207 (me
686 2170 884 2206 suprascr.
916 2171 961 2194 m.
994 2157 1089 2204 ree.)
1111 2158 1146 2193 B
1176 2163 1234 2193 tua
1264 2167 1319 2192 me
1348 2157 1506 2191 minisset
1544 2156 1579 2191 Y
1667 2155 1803 2191 iuuabit

313 2219 445 2255 Mutia.
477 2230 502 2252 α
616 2216 664 2252 91
697 2226 716 2250 a
745 2215 870 2264 misere
901 2213 933 2261 (a
961 2226 1007 2250 m.
1031 2224 1110 2249 rec.
1139 2215 1177 2248 in
1208 2213 1250 2247 ha
1280 2211 1396 2258 corr.)
1428 2211 1461 2246 B
1491 2222 1509 2246 a
1538 2211 1664 2246 misere
1702 2211 1737 2246 Y
1759 2211 1802 2245 ah

313 2297 460 2331 miserae
491 2295 544 2330 Ζα
575 2294 618 2328 ha
647 2293 773 2342 misere
804 2301 823 2329 ε
853 2291 896 2337 ali
927 2291 1053 2326 misere
1073 2290 1116 2326 H
1211 2288 1262 2326 92
1294 2262 1396 2325 Melia
1425 2289 1467 2324 H
1575 2298 1653 2323 cum
1683 2288 1725 2323 H

314 2351 365 2388 93
397 2351 449 2385 Tu
480 2342 595 2397 quoq*-
628 2349 669 2384 H
759 2357 847 2395 puer
885 2346 918 2382 1⁷
943 2345 1048 2392 (nihil
1078 2347 1272 2381 adnotavit
1301 2339 1483 2391 Naelcius)
1572 2353 1615 2378 en
1644 2343 1801 2378 Antver-

310 2408 454 2452 piensis
484 2417 519 2440 a.
553 2402 657 2440 1556
688 2408 722 2438 et
753 2415 782 2438 ω
812 2403 897 2437 haec
926 2398 972 2436 αι
1075 2401 1164 2437 Post
1192 2401 1293 2436 hunc
1323 2412 1354 2436 v.
1384 2400 1562 2435 lacunam
1591 2400 1718 2434 statui.

314 2461 366 2498 94
397 2462 490 2496 ensis
522 2458 650 2495 ‘aliud
678 2458 774 2494 Ms.'
809 2458 1018 2501 (adnotavit
1046 2456 1099 2491 Is.
1129 2456 1277 2492 Vossius
1306 2458 1343 2491 in
1374 2455 1605 2499 exemplari,
1638 2455 1701 2489 cui
1727 2454 1802 2488 lec—

315 2519 432 2552 tiones
469 2516 505 2551 Y
529 2515 767 2559 adscripsit),
802 2508 852 2547 a¹
882 2513 975 2547 ensis
1006 2511 1050 2546 al.
1084 2510 1186 2546 obses
1217 2511 1247 2546 Z
1273 2521 1369 2546 esses
1401 2509 1480 2544 BH
1486 2509 1521 2544 Y
1545 2509 1658 2544 hostis
1699 2507 1800 2543 Voss.

312 2572 352 2621 11,
385 2580 431 2608 ea
544 2569 594 2606 95
625 2571 752 2605 littera
783 2569 919 2604 initiali
946 2569 1099 2602 miniata
1123 2566 1159 2600 B
1242 2566 1333 2602 Post
1361 2565 1462 2600 hunc
1492 2569 1527 2599 et
1558 2575 1589 2600 υ.
1616 2563 1667 2599 96
1694 2564 1801 2598 lacu-

315 2637 386 2663 nas
413 2627 539 2662 statui.
655 2624 706 2660 97
736 2625 863 2660 littera
892 2624 1028 2658 initiali
1054 2623 1208 2657 miniata
1229 2620 1265 2655 B
1357 2619 1495 2655 bactare
1515 2619 1557 2653 H
1638 2617 1688 2653 98
1719 2615 1804 2652 fient

317 2683 403 2728 Ζφα
441 2680 524 2716 fiant
554 2678 634 2714 BH
661 2681 764 2723 (item
794 2682 885 2714 teste
915 2677 1082 2712 Lasseno
1120 2676 1164 2718 Y)
1197 2685 1216 2712 ε
1330 2674 1380 2711 99
1411 2677 1555 2709 cernant
1586 2672 1663 2709 BH
1670 2672 1721 2710 ΥΕ

315 2738 394 2773 leua
425 2737 459 2772 B
488 2736 612 2783 leuaq3
643 2734 685 2770 H
795 2733 870 2770 101
903 2728 980 2780 tua]
1013 2735 1134 2767 nostra
1164 2731 1206 2766 H
1286 2729 1329 2766 de
1358 2729 1428 2766 tuis
1458 2728 1500 2765 Η
