1884 3126
774 135 921 164 oumx.
1553 116 1608 158 79

194 250 269 291 1100
299 250 428 290 minus
457 246 653 301 implicuit
682 246 766 287 dira
797 244 1008 285 formidine
1041 249 1225 288 mentem,
1527 241 1609 282 200

193 329 254 363 set
285 323 451 363 validum
484 322 619 361 dextra
650 326 834 360 truncum
866 318 1036 358 detraxit
1067 317 1115 357 ab
1147 329 1246 356 orno
1526 316 1604 354 192

196 399 326 450 (quam
358 409 473 435 casus
503 395 663 434 sociarit
693 405 808 445 opem
840 403 1036 432 numenve
1068 391 1232 430 deorum

196 469 367 522 prodere
398 470 448 509 sit
478 468 659 513 dubium,
692 466 811 506 valuit
842 465 910 505 sed
941 466 1100 504 vincere
1132 463 1219 503 talis

195 543 351 583 horrida
383 542 582 593 squamosi
611 539 803 591 volventia
834 538 1012 578 membra
1046 537 1243 588 draconis)
1531 538 1608 574 195

195 622 310 669 atque
342 615 571 655 reluctantis
602 612 752 653 crebris
782 611 978 663 foedeque
1008 611 1181 663 petentis

194 689 336 729 ictibus
367 701 455 728 ossa
485 687 596 733 ferit,
629 687 794 737 cingunt
824 697 898 736 qua
932 690 1110 736 tempora
1144 685 1306 723 cristae:

193 775 308 815 quem
340 758 546 814 postquam
567 747 672 799 'vidit
701 771 860 799 caesum
893 759 1170 809 languescere,
1205 757 1317 796 sedit.
1524 758 1601 796 ‘201

247 835 327 875 lam
358 836 481 888 quatit
511 839 548 873 et
578 834 724 884 biiugis
756 833 888 871 oriens
919 831 1083 871 Erebeis
1116 843 1239 883 equos
1271 830 1355 870 Nox

192 915 230 948 et
259 909 372 960 piger
404 896 536 955 aurata
568 906 747 963 procedit
776 907 927 957 Vesper
958 904 1006 944 ab
1039 905 1148 951 Oeta,

192 994 308 1033 quom
342 993 462 1032 grege
493 979 697 1032 compulso
729 983 864 1031 pastor
895 978 1187 1030 duplicanubus
1219 978 1371 1017 umbris

194 1054 296 1094 vadit
326 1062 364 1094 et
393 1055 432 1093 in
464 1055 642 1106 requiem
674 1053 800 1092 fessos
830 1052 924 1092 dare
955 1056 1160 1103 comparat
1190 1057 1312 1092 arius.
1525 1052 1606 1090 205

194 1129 334 1179 quoius
366 1132 407 1167 ut
437 1128 595 1166 intravit
624 1126 747 1165 levior
776 1138 848 1178 per
879 1137 1046 1177 corpora
1079 1137 1242 1164 somnus

194 1200 454 1252 languideque
487 1201 610 1239 effuso
640 1201 871 1250 requierunt
902 1198 1078 1238 membra
1111 1211 1266 1249 sopore,

195 1273 344 1326 effigies
375 1273 421 1312 ad
456 1286 545 1313 eum
578 1272 713 1312 culicis
745 1272 902 1311 devenit
933 1277 970 1310 et
999 1271 1055 1310 illi

192 1347 314 1385 tristis
345 1345 393 1385 ab
425 1351 563 1386 eventu
596 1346 738 1385 cecinit
768 1346 943 1384 convicia
976 1345 1129 1384 mortis.

167 1540 247 1578 200
278 1540 375 1581 1100,
416 1551 618 1586 suprascr.
659 1552 705 1576 m.
738 1550 816 1576 rec.
850 1551 921 1576 non
955 1541 998 1576 H
1032 1540 1111 1592 Non
1143 1540 1195 1585 ΚΖ
1281 1539 1444 1587 impleuit
1484 1540 1518 1575 Y
1553 1540 1606 1575 111-

81 1597 193 1645 pleuit
225 1597 257 1633 V
328 1601 469 1632 montes
499 1598 512 1632 l
602 1596 679 1632 192
701 1602 757 1632 set
779 1599 934 1643 scripsi.
967 1595 1101 1632 Εῑῼω
1181 1596 1294 1631 ualida
1329 1597 1358 1632 Γ
1435 1607 1525 1632 orno
1546 1591 1604 1636 α’,

83 1653 249 1690 Bembus
279 1663 340 1688 ora
369 1654 382 1689 l
413 1663 474 1688 ore
500 1651 577 1699 Ψψ
654 1652 806 1688 detraxit
838 1652 880 1688 ab
911 1652 1037 1688 arbore
1070 1658 1237 1688 truncum
1270 1652 1299 1696 Q
1389 1652 1467 1690 193
1501 1663 1604 1700 quam

85 1709 328 1746 Schraderus
349 1707 400 1752 ΟΖ
434 1709 464 1744 V
492 1707 571 1757 Qua,
598 1710 612 1744 l
643 1707 707 1752 Qui
745 1707 829 1753 Ψω,
862 1709 1029 1745 Bembus
1059 1710 1114 1745 eui
1147 1709 1326 1756 Sculz'yer
1386 1698 1531 1744 sociarit
1562 1704 1602 1744 οι1

85 1765 251 1802 Bembus
279 1765 431 1801 sociaret
457 1763 530 1799 Ψω
559 1765 706 1800 satiaret
727 1774 747 1802 ε
806 1761 867 1814 ve]
900 1776 943 1801 ne
977 1766 1006 1801 V
1062 1766 1154 1801 Post
1183 1766 1287 1801 hunc
1319 1775 1467 1801 versum
1495 1765 1600 1801 Bem-

83 1823 151 1858 bus
179 1823 269 1869 leyit
299 1832 450 1868 namque
481 1820 530 1856 illi
562 1820 746 1857 dederime
777 1822 864 1857 viam
897 1832 1044 1857 casusve
1076 1821 1226 1861 deusve,
1270 1832 1370 1869 quae
1400 1823 1536 1858 desunt
1566 1822 1606 1857 in‘

80 1878 188 1914 libris
216 1882 399 1925 quantum
429 1879 508 1913 scio
539 1878 708 1914 omnibus
825 1877 903 1914 194
935 1878 987 1914 sic
1017 1879 1079 1915 Ηε
1168 1877 1279 1913 ualuit
1310 1878 1509 1924 Huuptz'us
1541 1889 1605 1914 uo-

82 1933 147 1969 luit
177 1932 252 1969 ,Ωω
323 1933 386 1968 sed
417 1929 577 1982 vincere]
610 1934 765 1975 uincere,
798 1946 868 1970 om.
901 1934 976 1975 sed,
1009 1935 1043 1970 Υ
1067 1933 1141 1974 sed,
1175 1946 1244 1970 om.
1270 1935 1448 1970 uincerel
1479 1934 1605 1970 sedere

83 1990 129 2026 Pt
188 1989 455 2037 talisSilliyius
484 1989 573 2025 tales
599 1988 672 2025 Ψω
694 1990 859 2027 Bembus
889 1990 950 2026 tali
983 1991 1012 2027 V
1042 1990 1110 2026 tale
1141 1992 1152 2026 ἰ
1184 1990 1316 2026 callens
1340 1991 1382 2026 H
1440 1990 1518 2027 195
1543 2001 1605 2025 uo—

81 2045 194 2081 lencia
233 2045 267 2080 Υ
350 2045 427 2082 196
459 2045 584 2081 crebro
615 2046 658 2082 H
743 2046 822 2082 sede
857 2046 976 2082 ΒΗΥ
1056 2047 1210 2094 patentis
1242 2047 1306 2091 Ia,
1342 2047 1520 2094 Scaliyer

88 2101 164 2138 197
197 2102 348 2149 timpora
379 2101 490 2138 BCY
569 2102 697 2138 cristae
729 2102 766 2137 Ε
800 2103 925 2138 cristas
956 2104 968 2138 l
998 2103 1103 2138 crista
1135 2112 1154 2139 ε
1193 2102 1362 2138 christam
1402 2103 1436 2138 Υ
1461 2103 1604 2138 cristam

86 2156 182 2204 Ψψ,
217 2158 382 2194 Bembus
468 2158 545 2195 201
570 2169 691 2194 cesum
724 2157 752 2194 0
837 2160 933 2209 cepit
964 2161 977 2195 l
1012 2159 1107 2206 cepit
1138 2159 1180 2194 H
1265 2158 1345 2195 202
1368 2158 1454 2194 Ν3111
1488 2159 1521 2194 Υ

79 2214 193 2262 cepii,
234 2226 279 2250 m.
313 2213 336 2249 2
368 2225 570 2260 suprascr.
602 2215 717 2262 qualit
748 2215 791 2250 H
859 2214 999 2263 biiuges
1032 2215 1115 2254 Hoc,
1148 2215 1313 2250 Bembus
1394 2215 1540 2262 origens
1572 2214 1607 2250 P

166 2302 307 2339 Erebeis
340 2304 536 2349 Hauptius
567 2303 726 2339 ereboeis
757 2303 930 2339 ABCEP
959 2280 1111 2339 ereboeiS
1136 2304 1171 2339 Υ
1195 2302 1303 2339 erebo
1335 2304 1384 2340 cis
1406 2304 1478 2348 HQ
1500 2285 1603 2340 creb⁰

84 2393 133 2427 eis
164 2390 383 2439 (suprascr.
416 2404 463 2428 m.
497 2391 641 2439 eadem)
674 2393 703 2429 V
739 2368 840 2428 ereb0
854 2393 905 2428 eis
935 2395 948 2429 l
987 2374 1114 2429 erebus
1146 2394 1183 2429 F
1209 2392 1316 2429 erebo
1348 2395 1395 2430 cit
1425 2406 1462 2435 α,
1499 2395 1603 2431 Bem-

86 2482 154 2517 bus
187 2480 313 2518 crebro
344 2482 391 2517 cit
422 2491 442 2519 ε
474 2480 618 2517 Erebois
651 2481 820 2529 Silliyius
935 2482 1015 2519 203
1047 2488 1170 2518 aurato
1213 2483 1290 2520 Veoe
1378 2495 1508 2532 uesper
1537 2462 1601 2532 pl)-

84 2537 177 2573 cedit
207 2547 226 2575 ε
314 2548 373 2573 ora
405 2538 447 2573 H
557 2536 638 2574 204
669 2549 739 2574 om.
772 2538 801 2582 Q
887 2537 1000 2582 Quom
1043 2539 1092 2576 Ve
1131 2538 1237 2580 Cum,
1277 2550 1478 2586 suprascr.
1514 2546 1526 2575 t
1566 2547 1603 2577 et

87 2592 116 2628 C
141 2593 230 2629 Tum
261 2594 303 2629 H
329 2592 414 2629 Cum
448 2592 521 2628 Ψω
607 2594 780 2641 conpulso
824 2594 895 2630 VY
1005 2595 1084 2632 205
1116 2596 1149 2630 111
1182 2596 1341 2643 requiem
1372 2595 1489 2632 sessos
1519 2599 1533 2633 l
1562 2598 1598 2633 in

85 2649 199 2685 sessos
228 2650 388 2697 requiem
423 2648 495 2685 Ψω
526 2650 689 2686 Bemhus
774 2649 855 2685 (late
896 2650 928 2686 V
1009 2656 1188 2698 corporat,
1223 2662 1424 2698 suprascr.
1460 2658 1471 2687 t
1502 2664 1602 2689 eom·

86 2711 182 2752 parat
214 2704 241 2740 C
334 2705 413 2741 206
445 2704 580 2749 Quoius
623 2706 654 2742 V
678 2705 783 2741 Cuius
819 2704 892 2740 Ψω
969 2707 1083 2742 lenior
1126 2707 1155 2743 V
1182 2707 1276 2743 liuor
1307 2708 1348 2744 H
1423 2720 1598 2757 sompnus

97 2761 127 2797 V
153 2772 299 2797 somnos
321 2762 361 2798 H
446 2761 524 2798 207
559 2761 686 2797 ell'ecto
716 2763 731 2798 l
760 2762 879 2798 inl'uso
910 2774 935 2797 α
1013 2762 1093 2799 208
1117 2773 1191 2798 eam
1214 2764 1255 2799 H
1273 2776 1320 2800 m.
1346 2763 1365 2800 1
1453 2765 1598 2802 aduenit

87 2817 128 2852 H
211 2815 289 2854 209
320 2818 474 2853 conuitio
508 2816 591 2854 CVI
