1884 3126
293 147 348 189 34
876 163 1206 191 PROLEGOMENON

294 268 436 309 anthol.
481 270 613 309 Burm.
654 268 800 323 111251.
839 269 904 311 85.
944 270 1009 310 92.
1048 272 1063 310 1
1095 269 1186 311 169.
1226 269 1317 310 136.
1360 271 1393 309 Il
1425 269 1514 321 173)
1553 270 1711 321 Vergilii
1749 275 1787 309 et

294 348 411 387 opera
442 341 480 374 et
509 347 608 386 quae
637 337 717 375 eius
737 338 893 376 nomine
914 338 1243 377 circumferuntur
1276 336 1461 388 opuscula
1482 338 1621 375 omnia.
1671 336 1786 375 huius

294 403 505 454 scripturas
542 402 590 441 ab
622 402 901 452 Oudendorpio
938 405 978 442 in
1016 403 1247 454 exemplaris
1285 415 1401 453 supra
1439 401 1582 441 laudati
1612 403 1786 452 margine

295 468 342 506 ad
378 470 576 507 catalecta
615 473 788 507 enotatas
825 468 896 508 hac
926 469 1053 509 addita
1090 470 1419 520 praemonitione:
1464 467 1551 507 ‘hic
1580 469 1717 519 incipit
1745 469 1786 506 in

293 534 363 573 Ms.
394 535 497 585 Virg.
530 535 713 573 Vossiano
743 534 873 574 Chart.
905 535 986 574 Fol.
1017 535 1062 574 N.
1095 533 1147 574 78
1177 535 1268 586 pub.
1300 535 1405 585 Virg.
1437 534 1531 573 Mar.
1564 533 1786 573 Catalecton

294 602 451 652 priapus
489 599 682 650 loquitur’
721 600 912 652 descripsi
950 606 988 640 et
1015 603 1196 653 quoniam
1233 613 1355 652 pauca
1385 600 1519 639 saltem
1550 613 1646 640 nova
1675 612 1786 651 prae-

299 666 392 705 bent
430 667 556 706 littera
585 667 631 705 X
655 668 824 717 signatas
853 668 1052 718 apparatui
1082 680 1168 706 meo
1197 667 1365 706 adhibui.
1413 668 1639 706 Vossianum
1659 667 1707 705 II
1734 666 1788 716 (ut

297 732 443 771 Naekio
472 732 701 784 appellatur)
724 733 787 772 hic
816 732 894 772 illic
924 733 1085 778 laudavi,
1108 733 1175 773 ubi
1198 733 1256 772 vel
1284 733 1552 784 discreparent
1570 733 1788 772 testimonia

297 797 566 849 Oudendorpii
609 803 647 837 et
682 798 817 838 Naekii
860 799 919 837 vel
955 801 1096 839 omissa
1132 799 1180 839 ab
1217 799 1284 839 illo
1322 805 1451 839 essent
1489 811 1587 850 quae
1625 798 1790 838 alicuius

297 865 483 903 momenti
513 876 600 903 esse
631 864 865 904 viderentur.

418 964 685 1002 Vossianus
728 963 812 1002 cod.
852 963 934 1003 Lat.
975 964 1068 1005 bibl.
1107 964 1214 1004 Leid.
1253 965 1338 1005 Oct.
1376 978 1413 1004 n.
1454 964 1507 1004 96
1548 965 1787 1008 chartaceus,

298 1030 421 1067 forma
460 1030 616 1067 minima
657 1041 757 1068 saec.
789 1029 855 1068 XV
891 1029 1143 1081 neglegenter
1180 1036 1218 1069 et
1254 1036 1512 1082 properanter
1552 1030 1790 1082 compendiis

298 1095 477 1134 adhibitis
506 1094 682 1149 plurimis
712 1096 879 1147 scriptus
908 1095 1005 1135 haec
1035 1098 1225 1137 continet:

391 1182 457 1222 sol.
491 1181 536 1222 lr
568 1183 699 1223 Ovidii
725 1185 930 1223 medicam.
958 1184 1047 1231 fae.
1081 1182 1293 1230 70-100,
1326 1190 1457 1236 postea
1487 1185 1526 1223 in
1557 1184 1648 1223 solio
1677 1182 1703 1223 9
1730 1196 1789 1223 se-

621 1253 759 1288 cuntur
787 1262 821 1288 v,
852 1248 1029 1290 34—69.

412 1339 429 1348 -
489 1314 538 1353 1ν
570 1315 699 1355 Ovidii
725 1327 851 1355 amor.
883 1316 914 1355 11
947 1314 1010 1356 15.

411 1403 426 1410 -
484 1379 540 1420 3v
570 1382 630 1420 De
658 1383 917 1422 medicamine
945 1384 1115 1427 auriam.
1166 1383 1250 1423 Nec
1269 1384 1340 1423 tibi
1356 1385 1563 1434 displiceat
1582 1385 1690 1432 quod
1706 1395 1790 1423 sum

620 1449 677 1486 sic
705 1459 874 1497 corpore
895 1460 1054 1498 paruus
1083 1461 1115 1488 e.
1149 1461 1184 1500 q.
1216 1462 1247 1489 s.

518 1520 531 1538 r
561 1514 687 1556 ouidii
713 1515 762 1556 de
790 1516 931 1554 cuculo
962 1514 1106 1566 (Burm.
1137 1514 1167 1551 V
1197 1512 1276 1564 70).

517 1586 535 1601 v
564 1580 691 1618 ouidii
716 1581 765 1619 de
787 1581 1004 1629 philomela
1036 1579 1144 1631 (Mey.
1176 1578 1283 1631 233).

518 1652 535 1668 V
562 1647 688 1684 ouidii
713 1646 763 1684 de
787 1648 931 1694 pulice.
976 1647 1104 1685 Parve
1124 1648 1254 1695 pulex
1278 1647 1351 1685 sed
1374 1657 1518 1686 amara
1543 1648 1625 1686 lues
1645 1659 1677 1685 e.
1701 1658 1737 1696 q.
1761 1660 1791 1685 s.

520 1718 536 1733 V
567 1713 694 1750 ouidii
721 1713 771 1749 de
798 1713 893 1751 ludo
921 1713 1191 1751 scacchorum.
1240 1712 1316 1757 Qui
1332 1714 1445 1760 cupis
1464 1715 1664 1760 eqreyium
1684 1725 1792 1753 seac-

618 1778 783 1817 chorum
818 1779 970 1818 discere
1001 1778 1136 1817 ludum
1166 1790 1198 1819 e.
1233 1788 1268 1827 q.
1298 1790 1327 1816 s.

409 1865 422 1872 -
481 1841 528 1882 8¹·
556 1843 635 1883 Hie
664 1845 862 1892 incipiunt
891 1845 1081 1892 opuscula
1110 1845 1155 1883 P.
1189 1844 1382 1882 Maronis.
1441 1844 1566 1892 Eleyo
1600 1847 1790 1884 carmine.

622 1910 773 1958 Incipit
801 1920 980 1948 mecenas
1009 1911 1163 1957 uirqilii
1191 1909 1335 1961 (Burin.
1368 1909 1419 1948 ΙΙΙ
1450 1908 1530 1948 119
1557 1910 1643 1961 sq.).
1700 1911 1791 1950 sub-

625 1976 808 2026 scriptio:
845 1977 933 2023 linit
968 1976 1096 2023 eleyia
1133 1976 1287 2023 uirqilii
1319 1977 1496 2014 maronis
1525 1977 1566 2014 in
1595 1980 1794 2015 mec-emate

619 2043 756 2080 inuita
799 2042 849 2079 ab
885 2040 1064 2080 ΗΕΝΟΟ
1097 2042 1138 2080 in
1175 2042 1308 2080 dacia.
1376 2041 1521 2091 (eadem
1559 2041 1793 2093 subscriptio

619 2109 660 2147 in
705 2109 893 2159 Vaticano⁴
930 2104 1040 2146 3269
1082 2106 1203 2146 chart.
1249 2108 1394 2157 scripto
1438 2119 1554 2146 manu
1591 2108 1792 2159 Pomponii

620 2174 739 2217 Laeti,
771 2174 820 2213 de
850 2185 926 2223 quo
956 2173 1137 2212 disseruit
1156 2171 1286 2223 Tycho
1307 2173 1518 2212 Mommsen
1548 2185 1645 2212 muS.
1668 2174 1791 2216 Rhen.

621 2237 771 2282 V1626
793 2252 876 2291 sqq.
908 2239 956 2278 cf.
986 2243 1188 2290 praeterea
1218 2250 1317 2289 quae
1346 2239 1394 2278 M.
1415 2239 1605 2290 Hauptius
1636 2240 1680 2278 ad
1714 2241 1792 2290 epi-

621 2306 772 2345 cedium
804 2306 917 2346 Drusi
945 2318 983 2356 p.
1014 2303 1070 2344 30
1098 2317 1155 2356 sq.
1187 2303 1419 2355 disputavit.)

413 2395 427 2403 -
461 2370 538 2412 15ν
569 2372 689 2422 Copa.

412 2461 427 2468 -
461 2438 534 2478 17r
566 2440 638 2479 Est
665 2444 703 2478 et
731 2437 832 2477 Non.

413 2527 427 2534 -
461 2503 510 2544 17
522 2511 539 2527 v
567 2506 626 2543 De
653 2506 742 2544 uiro
770 2505 951 2553 sapienti.

414 2593 428 2600 -
462 2569 513 2610 19
563 2572 700 2613 Culex.

415 2658 428 2666 -
459 2635 535 2676 31ΙΓ
567 2638 714 2676 Moreti
739 2647 773 2675 v.
807 2633 914 2674 1-4

304 2714 444 2753 ceteris
486 2714 526 2751 in
571 2712 643 2752 hac
687 2714 822 2764 pagina
867 2712 980 2752 lineis
1018 2713 1148 2752 vacuis
1190 2711 1346 2752 relictis.
1406 2713 1445 2751 in
1475 2724 1582 2752 versa
1619 2713 1792 2765 sequitur

305 2780 460 2819 Phoc-ae
492 2782 750 2830 qrammatici
783 2780 986 2830 praefatio
1021 2781 1122 2819 artis
1157 2791 1226 2830 per
1265 2784 1342 2824 tres
1375 2781 1532 2831 paginas
1561 2782 1789 2832 perscripta,

481 1512 509 1750 *0³0¹ss
