1884 3126
837 809 1075 874 Siglorum
1109 811 1292 860 babula.

411 1013 454 1044 Β
476 1024 520 1039 Ξ
543 1011 747 1044 Bembinus.

411 1082 456 1110 11
470 1091 515 1105 =
539 1077 851 1110 Helmstadiensis.

410 1149 446 1178 L
473 1159 517 1177 Ξ
541 1145 689 1177 Ausonii
729 1144 920 1176 Leidensis
955 1145 1154 1176 Vossianus
1185 1154 1217 1178 n.
1253 1145 1312 1175 111
1345 1122 1535 1184 suem-IX,
1572 1142 1737 1175 conlatus
1767 1142 1812 1174 ab

588 1210 734 1243 Alfredo
758 1210 895 1242 Holder
927 1211 977 1250 (in
1009 1210 1228 1242 carminibus
1258 1210 1325 1242 ‘de
1355 1213 1411 1242 est
1435 1213 1471 1242 et
1500 1220 1569 1241 non
1593 1208 1652 1243 m.’
1684 1212 1719 1241 et
1750 1210 1812 1241 ‘de

586 1278 663 1310 viro
687 1276 828 1318 bono‘).

412 1349 442 1378 S
471 1358 516 1373 =
540 1343 864 1387 Sangermanensis
895 1354 928 1375 n.
957 1343 1042 1376 1188
1074 1353 1171 1376 saec.
1195 1342 1264 1383 IX,
1296 1342 1340 1374 de
1371 1352 1438 1384 quo
1470 1343 1516 1374 cf.
1542 1342 1738 1374 Froehneri
1769 1341 1813 1373 ad
1858 1360 1867 1367 x

587 1412 764 1444 Avianum
790 1410 904 1453 praef.
930 1420 963 1452 p.
987 1409 1061 1441 1111
1085 1419 1137 1451 sq.
1167 1410 1294 1450 (.extat
1322 1409 1360 1440 in
1385 1419 1427 1441 eo
1452 1419 1595 1441 carmen
1619 1408 1662 1440 de
1688 1411 1743 1440 est
1767 1411 1813 1439 et.

590 1489 662 1511 non
686 1476 945 1517 monosyllabis
969 1475 1185 1518 descriptum
1211 1475 1257 1507 ab
1282 1474 1373 1516 illo).

418 1549 453 1577 V
470 1558 515 1573 =
537 1545 737 1576 Vossianus
760 1554 795 1577 n.
818 1544 873 1577 81.

412 1615 451 1643 X
474 1624 517 1638 =
542 1610 772 1644 colbertinus
801 1609 819 1640 I
854 1612 946 1641 teste
977 1609 1124 1649 Meyero
1159 1609 1195 1639 in
1225 1607 1444 1640 carminibus
1483 1610 1560 1639 ‘est
1589 1609 1625 1639 et
1654 1605 1740 1639 non’
1779 1610 1816 1638 et

589 1681 599 1697 ‘
612 1677 655 1709 de
680 1676 756 1708 viro
780 1676 874 1708 bono
884 1678 907 1710 ’.

417 1747 451 1777 17
472 1757 517 1771 =
541 1743 747 1776 Thuaneus.

413 1814 512 1843 ΖΞ
535 1810 736 1843 Vossianus
760 1818 794 1842 n.
817 1809 882 1841 849
907 1807 958 1849 (in
982 1807 1144 1849 Roseto).

413 1879 430 1909 1
472 1889 516 1905 Ξ
538 1876 740 1909 Vossianus
763 1875 818 1907 96.

415 1952 432 1976 ε
472 1955 517 1971 Ξ
540 1942 775 1976 Basileensis.

414 2020 442 2042 α
477 2022 522 2037 Ξ
544 2008 679 2040 Aldina
705 2007 752 2039 11.

415 2086 451 2109 ω
474 2089 519 2103 Ξ
542 2085 675 2108 omnes.

413 2148 449 2183 ψ
475 2154 521 2169 Ξ
546 2151 668 2173 omnes
692 2142 838 2182 praeter
861 2150 922 2172 eos
946 2139 990 2171 de
1017 2139 1146 2181 quibus
1170 2138 1302 2170 diserte
1327 2140 1483 2169 test-atus
1508 2147 1594 2170 sum.
