1884 3126
231 156 315 185 VIII
844 160 1115 191 PRAEFATIO.

230 279 357 320 posse
387 267 662 310 existimaret.
720 272 915 327 excerpsi
945 276 1086 312 autem
1115 269 1299 322 omissis,
1329 274 1377 310 ut
1404 269 1450 309 in
1477 268 1558 309 hoc
1587 267 1716 322 scrip-

231 338 370 373 torum
404 347 558 387 genere
595 349 672 390 par
710 342 794 390 est,
832 337 1082 392 vulgaribus
1123 334 1448 389 orthographiae
1479 333 1717 389 discrepan-

232 396 303 438 tiis
342 399 641 456 erroribusque
676 401 843 444 librarii
886 402 1123 444 manifestis
1161 416 1270 457 quae
1299 398 1494 441 Muelleri
1523 399 1648 455 culpa
1675 401 1718 440 in

233 462 510 507 adnotatione
546 481 640 508 mea
676 468 826 510 critica
863 468 933 511 vel
970 468 1124 510 desunt
1152 466 1223 509 vel
1251 466 1390 508 minus
1419 471 1533 507 recte
1561 465 1720 508 tradita

234 535 333 571 sunt
360 531 485 574 haec:

430 619 477 660 II
509 621 562 662 10
588 625 801 678 receptos]
833 628 973 677 reptos
1005 623 1050 678 (i.
1071 637 1105 664 c.
1136 622 1348 678 repertos)
1462 620 1531 662 III
1559 621 1587 662 4
1615 621 1719 674 Ani]

345 686 431 726 anii
514 687 541 728 5
570 693 716 729 rursus
756 687 903 743 (deleta
931 693 1036 730 linea
1074 703 1177 739 qaae
1204 701 1329 740 supra
1360 703 1388 728 u
1417 691 1537 729 ducta
1565 688 1639 742 est)

346 750 371 791 9
399 758 594 807 receptus
632 754 883 808 (compendio
912 759 1018 806 quod
1045 758 1148 807 typis
1177 759 1328 796 imitari
1360 767 1439 795 non
1469 757 1617 803 audeo,
1655 755 1727 794 scd

338 819 578 874 perspicuo).
686 820 751 862 IV
781 822 806 862 8
842 821 918 862 fata
1001 820 1026 860 9
1055 835 1205 875 puram
1235 820 1283 874 (u
1301 834 1352 861 m.
1373 820 1400 860 2
1420 833 1528 861 corr.
1548 824 1589 860 in
1609 819 1650 874 I)

346 882 387 922 V
416 882 444 923 4
470 882 678 939 Prodigiu
703 892 767 927 est
851 887 876 928 8
905 891 1086 929 mostrat
1116 886 1147 940 (⁹
1174 900 1225 927 m.
1246 886 1290 939 2)
1385 885 1475 926 VII
1506 886 1527 925 1
1559 883 1726 939 sepelit,
1778 935 1781 939 ι

347 950 457 1003 tum]
490 950 657 992 tumult.
744 952 769 993 8
799 949 894 994 Reii
923 953 1012 994 edit
1041 952 1164 993 furiis
1198 951 1239 1004 (c
1267 966 1471 1003 suprascr.
1502 965 1552 992 m.
1581 950 1626 1004 2)

347 1013 461 1055 VIII
489 1016 515 1056 3
544 1016 698 1058 ausilifi
777 1018 804 1059 5
832 1025 976 1061 tenete
1002 1048 1006 1051 ,
1051 1019 1074 1059 7
1105 1018 1209 1059 fatri
1238 1018 1294 1072 (ri
1323 1018 1418 1072 del.)
1503 1016 1574 1056 IX
1602 1016 1627 1056 8
1656 1022 1727 1070 pa—

350 1080 484 1122 doron
562 1082 614 1123 10
642 1082 835 1138 fatigatvs
927 1085 1086 1137 castra]
1119 1090 1213 1124 tuta
1297 1083 1367 1124 XI
1396 1083 1421 1124 9
1450 1083 1555 1135 icta]
1587 1083 1727 1137 ipsssa

355 1147 393 1201 (s
419 1150 598 1196 sortasse
625 1163 731 1190 corr.
763 1164 815 1191 cx
843 1152 878 1205 t)
995 1153 1268 1192 Monostichon
1298 1149 1320 1190 I
1348 1164 1384 1190 v.
1413 1148 1440 1190 5
1469 1148 1592 1189 ludos
1623 1141 1726 1201 duos

350 1213 631 1255 cocelebrar&
656 1246 798 1257 .....
830 1220 965 1259 deletis
1002 1221 1173 1268 quinque
1213 1219 1369 1265 litteris,
1416 1228 1584 1266 quaram
1626 1218 1729 1255 duae

351 1284 510 1321 ultimae
539 1284 722 1323 videntur
745 1285 874 1331 fuisse
902 1297 946 1324 es
1032 1283 1058 1323 9
1089 1281 1196 1335 dux]
1228 1295 1319 1322 rex.

438 1349 488 1386 In
509 1350 640 1388 eodem
661 1352 761 1389 inest
780 1353 898 1390 etiam
918 1351 1174 1390 tetrastichon
1191 1352 1405 1398 qeorqiccn
1422 1346 1527 1402 (vide
1539 1350 1724 1398 proleqq.

342 1426 389 1463 p.
420 1411 541 1464 379),
586 1417 655 1454 ubi
687 1418 834 1465 legitur
861 1428 896 1455 v.
926 1415 954 1455 4
989 1428 1166 1455 munera
1201 1419 1367 1466 nostra3
1405 1420 1443 1454 et
1482 1416 1587 1463 quod
1621 1416 1731 1463 apud

353 1480 556 1530 Mcyerum
585 1486 698 1520 extat
725 1495 764 1521 n.
788 1480 882 1533 863,
917 1480 1038 1521 1—4
1068 1480 1272 1534 (proleqy.
1294 1479 1410 1532 380),
1441 1482 1507 1520 ubi
1533 1483 1573 1520 in
1599 1482 1730 1529 primo

352 1557 467 1585 versa
492 1558 569 1594 pro
598 1544 725 1586 modo
755 1545 912 1600 laetus]
945 1545 1201 1588 modulatus.

360 1657 589 1696 Valentiam·
621 1670 662 1696 n.
692 1656 774 1696 389
810 1656 1047 1711 seripturis,
1076 1670 1181 1710 quas
1213 1670 1267 1696 ex
1296 1655 1458 1696 eisdem
1486 1654 1552 1695 his
1583 1654 1731 1695 carmi-

243 1719 369 1762 nibus
401 1726 623 1775 excerptas
653 1720 768 1762 idem
797 1722 864 1763 vir
894 1723 1042 1764 doctus
1073 1720 1176 1762 mihi
1205 1720 1380 1774 obtulit,
1410 1734 1554 1762 carere
1583 1734 1731 1775 possu-

244 1800 356 1827 mus:
388 1786 493 1827 nihil
524 1786 636 1827 enim
664 1788 871 1842 praebent
891 1789 1003 1843 quod
1031 1803 1117 1829 non
1145 1801 1201 1829 ex
1229 1787 1350 1830 libris
1379 1788 1511 1840 Rybc
1539 1785 1608 1829 vel
1637 1800 1732 1827 con-

244 1851 398 1894 iunctis
428 1851 497 1894 vel
527 1851 704 1907 singulis
735 1860 882 1896 notum
912 1855 983 1899 sit.

355 1918 515 1970 Unum,
545 1924 593 1959 ut
622 1918 675 1959 de
704 1919 923 1962 codicibus
953 1919 1212 1974 Vergilianis
1243 1917 1482 1971 absolvam,
1520 1924 1732 1973 postremo

248 1983 550 2026 declarandum
568 1990 653 2038 est,
679 1986 792 2040 quod
817 1986 1009 2042 prolegg.
1027 2001 1069 2040 p.
1087 1986 1168 2027 358
1192 1989 1232 2027 H
1240 1988 1601 2036 ambarqenscm
1624 1983 1733 2025 codi-

248 2065 339 2092 cem
367 2052 510 2092 nescio
542 2065 626 2105 qua
655 2051 872 2094 oblivione
902 2052 957 2093 ad
987 2051 1203 2093 saeculum
1232 2051 1348 2092 XIII
1379 2050 1556 2103 detrusi,
1586 2065 1652 2091 me
1683 2050 1735 2091 de

247 2116 373 2159 laude
404 2116 516 2170 eius,
548 2131 631 2172 qua
658 2117 815 2160 nobilis
846 2118 1004 2160 saeculi
1025 2118 1092 2159 IX
1113 2131 1302 2173 propago
1332 2117 1503 2158 auditur
1533 2116 1606 2171 (cf.
1626 2116 1734 2158 Mer-

248 2183 353 2226 kelii
370 2183 426 2225 ad
441 2182 588 2226 Ovidii
602 2186 684 2226 vol.
702 2183 772 2225 III
787 2184 924 2240 praef.
941 2200 982 2239 p.
996 2184 1096 2241 IV),
1112 2185 1285 2226 minime
1301 2184 1487 2226 voluisse
1501 2182 1734 2224 detrahere.

357 2250 509 2291 Restat
544 2255 592 2291 ut
627 2250 854 2292 defendam
890 2250 1070 2292 eundem
1104 2250 1260 2292 librum
1295 2263 1436 2290 meum
1465 2254 1613 2290 contra
1648 2255 1734 2290 tres

248 2317 383 2368 viros,
415 2330 592 2371 quorum
621 2331 697 2358 nec
726 2318 849 2372 parvi
878 2317 989 2359 facio
1018 2317 1225 2358 iudicium
1245 2321 1286 2357 et
1313 2330 1339 2356 a
1359 2314 1524 2358 duobus
1548 2315 1592 2356 in
1618 2314 1736 2359 illum

259 2396 386 2437 psum
418 2380 586 2423 conlata
614 2382 822 2424 beneficia
851 2389 974 2437 grato
1005 2384 1145 2425 animo
1175 2396 1374 2438 agnosco.

360 2447 431 2489 Ex
465 2447 618 2502 quibus
655 2448 840 2503 primum
874 2449 1045 2491 nomino
1082 2452 1406 2490 Hermannum
1450 2443 1644 2499 Haqen)
1683 2462 1737 2488 ex

251 2515 370 2556 cuius
407 2528 519 2555 nova
555 2517 793 2556 scholiorum
822 2518 1083 2556 Bcrnensium
1112 2514 1357 2556 recensione
1387 2514 1459 2569 qui
1487 2513 1651 2554 fructus
1682 2513 1736 2553 ad

251 2579 593 2635 Vergilianorum
622 2581 858 2621 carminum
886 2580 1109 2622 historiam
1139 2580 1306 2636 plenius
1337 2594 1387 2621 ac
1416 2577 1615 2622 subtilius
1645 2593 1736 2619 eru-

252 2645 407 2699 endam
435 2645 673 2687 redundent
702 2661 899 2687 enarrare
929 2645 1023 2688 aliis
1053 2645 1303 2702 relinquam.
1359 2651 1404 2687 at
1431 2645 1500 2686 hic
1527 2645 1574 2686 in
1602 2643 1737 2700 prole-

253 2727 463 2768 gomenon
499 2726 672 2754 suorum
713 2712 852 2753 bonae
893 2712 1032 2766 frugis
1067 2711 1290 2767 plenorum
1326 2712 1466 2767 capite
1501 2710 1650 2752 ultimo
1693 2724 1735 2765 p.

252 2779 334 2820 230
363 2793 454 2834 sqq.
485 2777 601 2833 quod
629 2792 744 2819 meas
775 2778 980 2832 quasdam
1016 2778 1068 2819 de
1099 2781 1397 2820 Corneliani
1423 2782 1466 2819 et
1495 2766 1640 2820 Ebriz'
1666 2776 1739 2832 qui
