1884 3126
319 173 374 218 44
897 193 1227 224 PROLEGOMENON

318 299 376 338 vel
407 300 478 339 soli
500 303 531 341 G
551 313 683 340 verum
715 301 915 341 debeatur:
947 316 979 342 v.
1010 301 1035 342 6
1067 303 1221 355 (viduo),
1253 302 1279 343 9
1301 303 1395 355 (est),
1428 309 1471 343 ut
1501 305 1691 344 Gontiana
1720 317 1753 343 ν.
1778 303 1801 345 7

317 368 502 416 calybae,
546 369 766 408 Colbertino
803 370 917 408 tertio
948 382 981 407 v.
1018 367 1071 408 29
1101 375 1137 408 te
1165 382 1235 421 pro
1265 372 1416 410 intruso
1445 372 1483 409 in
1515 372 1652 410 ceteris
1682 384 1799 411 nunc.

317 437 432 482 atque
463 433 562 472 idem
596 435 627 472 G
656 446 743 473 cum
779 436 818 473 1⁷
841 434 946 474 solus
976 437 1139 475 servavit
1170 448 1201 474 v,
1237 434 1288 475 10
1315 448 1474 485 sonans,
1508 442 1801 487 congruumque

319 511 405 538 cum
446 501 484 538 1⁷
517 500 599 539 solo
639 502 679 539 in
724 502 891 551 genuina
936 503 1128 553 scriptura
1171 504 1384 553 chrystallo
1427 515 1460 542 v,
1493 501 1548 542 30
1587 504 1661 554 ipsi
1707 505 1800 542 VZl.

317 577 482 617 quorum
521 566 785 618 exemplorum
824 566 929 606 nullo
959 567 1102 607 clarius
1132 569 1418 608 demonstratur
1456 568 1647 620 duplicem
1679 570 1801 620 scrip·

319 637 443 671 turam
480 634 520 671 in
557 633 765 684 archetypo
802 633 903 672 haud
939 635 1073 685 paucis
1110 634 1204 674 locis
1233 636 1370 680 fuisse,
1410 647 1524 686 quam
1554 647 1587 674 v.
1622 634 1692 680 13,
1736 635 1802 674 ubi

317 701 433 738 etiam
462 710 602 738 croceo
632 701 763 738 uiolae
792 701 840 739 de
865 704 968 749 flore
996 703 1170 740 corollae
1198 714 1284 740 cum
1315 701 1527 752 praebeant
1547 702 1801 752 ΑΒΗΡΡΨ,

315 769 352 803 et
380 767 560 813 cecropio
589 767 752 804 uinctae
781 768 830 805 de
854 770 956 815 flore
984 778 1156 806 coronae
1179 768 1305 807 GVZl
1326 767 1426 817 (nam
1458 769 1626 806 minutas
1656 767 1803 806 discre-

317 832 467 884 pantias
497 831 560 869 hic
591 844 667 870 non
699 831 827 882 curo),
868 845 913 870 ex
942 838 1107 882 utraque
1137 833 1278 872 familia
1310 834 1410 885 quod
1442 838 1571 884 aptum
1602 835 1651 872 sit
1679 839 1716 872 et
1743 846 1803 873 ee-

315 900 452 946 cropio
499 899 626 936 violae
673 899 721 936 de
765 901 866 946 flore
908 901 1081 938 corollae
1125 899 1342 950 eligendum
1393 905 1463 939 est.
1532 899 1802 951 compendium

315 966 530 1015 scripturae
559 976 592 1001 v.
625 961 662 1011 8,
694 965 804 1002 cuius
834 966 1036 1015 vestigium
1067 965 1237 1016 produnt
1265 967 1480 1014 BGPVVI,
1515 966 1658 1017 duplici
1689 965 1803 1004 modo

314 1031 483 1071 solutum
514 1031 731 1081 procreavit
760 1031 950 1070 umbrosis
977 1032 1016 1069 in
1039 1033 1078 1070 Η
1087 1033 1140 1076 Ψ,
1172 1033 1401 1079 umbriferis
1430 1033 1468 1070 in
1492 1033 1536 1074 Z.
1570 1031 1712 1070 bonum
1735 1043 1803 1082 per

316 1110 357 1137 se
386 1103 605 1148 utrumque,
637 1097 703 1135 sed
734 1096 828 1136 illud
861 1097 1025 1148 praetuli
1054 1102 1098 1136 ut
1127 1098 1241 1149 paulo
1271 1099 1527 1137 numerosius.
1583 1110 1678 1136 sono
1700 1110 1803 1136 com-

313 1164 488 1203 modiore
520 1164 631 1202 etiam
658 1176 688 1202 ν.
714 1161 764 1201 12
793 1168 849 1203 est
877 1166 1078 1213 crepitans
1107 1165 1280 1215 quamvis
1311 1163 1403 1202 solis
1434 1165 1483 1203 Vl
1510 1164 1691 1202 traditum
1725 1176 1802 1203 ma-

315 1231 372 1280 gis
402 1229 544 1281 placuit
573 1241 684 1280 quam
715 1235 771 1268 est
798 1231 1029 1279 strepitans:
1067 1242 1139 1281 per
1167 1231 1395 1269 sententiam
1425 1235 1631 1281 utrumque
1652 1229 1802 1268 licebat.

316 1296 380 1335 diu
423 1295 591 1334 dubitavi
637 1295 828 1345 quomodo
874 1297 1149 1335 constituerem
1191 1308 1223 1334 v,
1266 1294 1317 1335 15
1355 1307 1414 1346 sq.
1457 1296 1522 1334 ubi
1565 1297 1805 1335 concinnitas

317 1367 500 1414 quattuor
536 1361 625 1400 inde
656 1374 674 1399 a
709 1374 739 1400 ν.
774 1359 823 1400 13
855 1361 1105 1400 distichorum
1136 1361 1335 1413 aequabile
1364 1366 1455 1401 sunt
1482 1366 1520 1400 et
1548 1361 1721 1412 flagitare
1751 1362 1803 1399 vi-

317 1429 429 1467 detur
457 1428 608 1466 initium
646 1427 737 1466 solis
769 1429 838 1467 GZ
865 1429 1196 1473 commendatum
1237 1439 1330 1477 ergo
1361 1441 1408 1467 ex
1439 1428 1582 1467 eisdem
1613 1429 1804 1479 recipien-

317 1495 408 1534 dum
438 1505 541 1543 quae
569 1495 706 1540 niueis,
740 1495 912 1545 quamvis
942 1495 1059 1533 fuerit
1089 1507 1178 1534 cum
1207 1496 1384 1534 uiminee‘s
1413 1496 1628 1545 scripturae
1659 1493 1803 1545 simpli-

316 1562 411 1600 citas
458 1559 735 1611 praeplaceret,
786 1572 860 1611 qua
899 1560 1018 1599 semel
1061 1567 1240 1612 corrupta
1286 1566 1328 1600 ut
1369 1563 1408 1599 in
1457 1563 1491 1599 V
1533 1560 1612 1611 (ubi
1648 1563 1805 1599 emineis

316 1626 469 1678 legitur)
500 1630 651 1677 poterat
678 1626 771 1665 illud
802 1627 1022 1665 coniectura
1054 1628 1171 1666 nasci.
1219 1626 1286 1665 sed
1317 1631 1447 1678 potest
1475 1628 1651 1666 vimineis
1677 1631 1804 1665 ortum

318 1706 402 1731 esse
433 1705 478 1730 ex
508 1692 684 1730 vocabuli
714 1694 900 1741 vimineo,
935 1693 1035 1744 quod
1066 1694 1104 1731 in
1135 1693 1397 1732 antecedentis
1419 1705 1551 1732 versus
1581 1692 1665 1731 loco
1692 1692 1805 1743 parili

318 1759 546 1798 collocatum
585 1763 660 1802 est,
703 1758 845 1810 syllaba
882 1759 1013 1809 priore
1049 1771 1254 1810 perperam
1292 1760 1456 1809 repetita
1494 1764 1532 1797 et
1560 1770 1646 1796 cum
1684 1760 1806 1797 niveis

318 1838 411 1863 voce
442 1825 615 1863 confusa.
673 1825 830 1863 mixtam
862 1837 907 1863 ex
937 1829 1099 1875 utraque
1121 1825 1306 1863 memoria
1335 1825 1565 1875 scripturam
1589 1825 1805 1874 reperimus

318 1894 356 1930 in
389 1893 462 1943 Vl,
503 1902 668 1941 quorum
707 1894 871 1940 uterque
909 1903 941 1929 v.
977 1888 1028 1929 15
1062 1896 1153 1930 sunt
1187 1902 1288 1939 quae
1316 1889 1480 1933 habeut,
1521 1895 1558 1927 at
1587 1902 1620 1927 V.
1655 1887 1705 1928 16
1742 1888 1805 1927 ille

317 1959 497 2006 eminas,
538 1956 598 1994 hic
627 1967 702 2010 qut}
728 1957 888 2002 iuuenis
916 1956 1139 2007 praebendo
1168 1958 1209 1994 in
1239 1956 1387 1995 diversa
1418 1955 1632 1994 discedunt.
1695 1967 1803 1993 versu

321 2023 369 2063 17
402 2034 554 2073 qnoque
589 2024 726 2072 sirpea
762 2028 806 2061 ut
841 2023 882 2060 in
912 2023 1023 2061 GVZ
1060 2027 1163 2062 extat
1199 2023 1374 2073 recipere
1412 2020 1529 2060 malet
1558 2032 1671 2070 quam
1702 2026 1804 2059 cete-

319 2102 451 2129 rorum
483 2092 634 2135 iuncea,
669 2089 734 2138 qui
764 2101 796 2126 v.
818 2085 872 2127 22
892 2089 1184 2139 comparaverit,
1216 2092 1257 2127 ut
1285 2101 1318 2126 v,
1341 2085 1395 2126 25
1414 2089 1541 2126 lassus
1570 2099 1616 2125 ex
1638 2086 1755 2125 AHV
1763 2087 1811 2125 Ψ

318 2157 462 2196 rectius
499 2167 615 2206 quam
646 2167 692 2193 ex
731 2155 814 2193 VZl
836 2155 967 2202 fessus
995 2155 1202 2205 repetitum
1233 2166 1267 2193 v,
1297 2152 1348 2193 31
1379 2154 1586 2204 recipitur;
1626 2158 1663 2191 et
1694 2165 1804 2191 versu

318 2224 444 2274 primo
474 2220 713 2273 probabilius
744 2226 802 2259 est
833 2233 878 2259 ex
910 2222 1055 2269 Graia,
1096 2220 1198 2271 quod
1229 2221 1270 2259 in
1310 2221 1392 2259 VZl
1421 2219 1579 2270 legitur,
1611 2231 1631 2266 a
1661 2218 1805 2269 glossa·

319 2294 403 2329 tore
435 2291 590 2328 Graeca
619 2287 760 2327 factum
793 2299 875 2326 esse
905 2298 1018 2337 quam
1048 2287 1131 2325 vice
1160 2298 1282 2326 versa.

430 2355 532 2405 Ergo
571 2366 647 2393 non
686 2358 764 2392 tam
801 2354 1069 2392 auctoritatem
1106 2354 1277 2401 testium,
1317 2363 1480 2403 quorum
1511 2352 1662 2402 integer
1692 2356 1805 2402 atque

318 2423 565 2472 incorruptus
595 2406 724 2459 nullus
755 2424 822 2463 est,
855 2430 966 2469 quam
998 2420 1186 2458 rationem
1218 2424 1255 2457 et
1284 2419 1375 2458 artis
1405 2417 1633 2468 elegantiam
1654 2418 1693 2456 in
1715 2430 1804 2456 con-

318 2487 510 2527 stituendo
541 2486 654 2525 huius
685 2485 830 2536 elegiae
858 2490 963 2524 textu
983 2487 1093 2535 sequi
1122 2485 1360 2524 debebimus.
1411 2496 1656 2523 communem
1677 2489 1804 2523 autem

320 2554 491 2593 omnium
521 2552 796 2603 exemplarium
826 2563 1003 2590 meorum
1034 2552 1221 2602 originem
1252 2551 1492 2590 demonstrat
1521 2554 1664 2589 mutata
1697 2561 1804 2588 voca-

319 2621 365 2659 lis
395 2621 419 2658 I
445 2621 484 2658 in
517 2620 554 2657 E
581 2632 612 2657 v,
643 2616 670 2658 5
709 2617 878 2669 (abisse),
918 2617 1043 2656 littera
1073 2618 1128 2656 B.
1147 2618 1186 2656 in
1216 2618 1253 2656 D
1283 2630 1315 2655 v.
1345 2614 1399 2655 28
1431 2615 1592 2668 (saepe),
1632 2614 1698 2654 ubi
1735 2613 1806 2653 soli

322 2687 562 2725 Colbertinus
592 2684 640 2723 IV
675 2689 713 2722 et
742 2685 994 2724 Gaibacensis
1021 2682 1317 2722 luculentiorem
1349 2682 1579 2733 scripturam
1610 2679 1804 2724 exhibent,

322 2752 523 2790 terminata
561 2763 630 2788 vox
663 2763 693 2787 v.
724 2748 777 2789 33
806 2749 932 2788 littera
965 2750 1011 2788 M
1037 2762 1108 2801 pro
1138 2750 1170 2788 S
1198 2748 1424 2799 (formosus)
1455 2748 1493 2786 in
1525 2745 1805 2786 recentioribus

320 2818 452 2871 paucis
481 2817 662 2869 reposita,
694 2829 726 2855 v.
757 2814 811 2857 36
841 2818 916 2857 ista
945 2816 984 2855 in
1015 2814 1195 2854 omnibus
1225 2814 1399 2859 obvium;
1435 2813 1600 2865 denique
1631 2811 1806 2852 turbatus
