1884 3126
789 169 924 210 QAPu'r
954 169 1016 195 111.
1611 151 1666 193 59

249 283 407 322 Turbae
438 282 608 333 denique
638 283 679 321 in
710 286 817 320 textu
847 284 983 320 nostro
1016 278 1214 329 quomodo
1246 283 1355 317 ortae
1386 279 1464 316 sint
1494 279 1550 316 sic
1571 277 1665 316 mihi

94 366 105 374 ·
136 352 229 391 finxi
261 353 404 390 animo.
466 352 604 402 scripti
636 356 749 389 erant
778 354 867 401 post
898 360 930 386 v.
964 345 1018 387 65
1049 348 1088 386 in
1120 345 1324 398 archetypi
1354 344 1446 385 solio

407 451 466 490 Xa
497 452 538 490 hi
569 463 724 491 versus:
759 448 824 490 79.
859 447 1038 490 67—71.
1073 446 1129 488 80
1159 459 1216 497 sq.
1248 464 1304 481 z:
1336 446 1358 486 7

407 518 469 558 Xb
500 551 523 564 ‚,
630 551 651 563 „
757 515 936 557 72-78.
1248 531 1305 548 Ξ
1336 514 1358 554 7

408 587 464 626 Ya
499 619 521 632 ‚‚
626 619 648 631 ‚,
753 583 820 624 66.
852 581 1018 624 82—87
1246 599 1302 616 =
1333 581 1356 621 7

137 689 321 729 librarius
353 688 420 728 ubi
450 687 620 727 debebat
652 699 683 725 v.
716 684 770 726 79
802 685 1050 732 describere,
1086 685 1240 725 evoluto
1272 683 1365 723 solio
1397 696 1476 723 non
1508 682 1560 728 X,
1596 683 1665 722 sed

139 758 183 802 Y,
226 756 384 808 scripsit
413 768 448 795 v,
480 753 547 801 66,
594 754 663 794 sed
702 755 834 794 statim
880 753 1152 793 animadverso
1193 765 1331 792 errore
1369 751 1488 791 rediit
1528 751 1575 790 ad
1606 751 1665 790 X³

138 837 294 864 versum
331 823 550 863 secundum
592 820 693 876 (67),
734 823 908 874 primum
947 827 1080 861 autem
1118 821 1241 872 signis
1281 820 1470 872 adpositis
1502 832 1548 859 eo
1579 821 1665 871 ipso

134 893 222 932 loco
254 890 468 936 collocavit,
504 890 608 930 unde
641 903 672 930 v,
706 887 759 929 66
791 894 1127 941 praesumpserat.
1188 894 1304 939 atque
1336 888 1464 927 eidem
1498 887 1668 928 subiecit

137 972 234 1011 quos
264 960 398 999 nescio
429 971 504 1011 qua
535 959 741 1012 oscitantia
763 959 950 997 omiserat
971 962 1169 996 extremos
1190 955 1271 996 folii
1294 956 1354 996 Xa
1374 968 1515 996 versus
1534 953 1591 996 80
1608 966 1665 1005 sq.

139 1041 274 1067 versus
298 1025 378 1067 102
399 1038 456 1078 sq.
491 1027 596 1078 quod
627 1028 669 1066 in
699 1027 777 1065 fine
808 1026 927 1065 totius
957 1025 1146 1077 poematii
1175 1024 1296 1064 additi
1329 1029 1431 1070 sunt,
1467 1036 1554 1063 cum
1577 1029 1667 1075 post

133 1087 170 1135 ἲ.
203 1093 259 1135 90
288 1094 458 1146 neglecti
497 1101 647 1139 essent,
695 1094 936 1145 nonmagis
976 1092 1238 1145 explicatione
1278 1098 1367 1143 eget
1406 1103 1524 1142 quarn
1563 1091 1667 1131 unde

140 1165 300 1204 lacunae
332 1164 522 1203 venerint.
608 1153 615 1158 i

248 1367 304 1406 De
330 1367 486 1417 Lydia
518 1378 636 1416 quam
658 1366 830 1406 Naekius
853 1366 947 1406 dicit
969 1366 1146 1417 eclogam
1169 1368 1363 1418 primusa
1386 1366 1483 1406 diris
1505 1378 1665 1418 separa-

139 1437 191 1474 vit
209 1434 436 1475 Fridericus
466 1434 666 1474 Iacobsius
697 1436 806 1475 misc.
830 1436 874 1475 V.
901 1447 938 1487 p.
962 1433 1046 1475 639
1067 1446 1167 1487 sqq„
1201 1447 1301 1486 quae
1333 1447 1421 1474 cum
1452 1435 1493 1473 in
1525 1435 1668 1474 ceteris

138 1502 322 1543 omnibus
353 1507 546 1555 quotquot
576 1503 756 1543 novimus
776 1502 889 1543 libris
921 1504 1007 1542 sine
1040 1502 1119 1542 ullo
1140 1502 1201 1542 vel
1223 1503 1348 1554 spatio
1372 1502 1431 1541 vel
1454 1502 1566 1542 titulo
1590 1501 1668 1542 illis

138 1571 317 1611 adiuncta
338 1571 400 1617 sit,
430 1570 618 1610 indicium
640 1570 779 1611 saltem
800 1573 892 1611 novi
914 1572 1102 1611 carminis
1123 1570 1230 1611 solus
1253 1572 1422 1610 servavit
1444 1571 1494 1616 B,
1527 1572 1567 1610 in
1591 1582 1668 1621 quo

138 1641 298 1679 miniata
328 1639 456 1678 littera
488 1637 627 1678 initiali
649 1651 682 1677 v.
709 1639 730 1678 1
753 1641 882 1691 pictus
914 1647 983 1679 est.
1047 1644 1164 1690 atque
1193 1639 1332 1679 eodem
1356 1638 1473 1679 modo
1494 1640 1668 1691 insignes

137 1707 203 1747 ille
235 1719 321 1747 cum
353 1705 542 1758 praebeat
571 1719 708 1747 versus
739 1705 776 1749 9.
807 1705 877 1747 20.
909 1706 976 1748 31.
1009 1706 1076 1748 37.
1109 1705 1177 1747 49.
1210 1705 1277 1747 63.
1310 1705 1377 1747 69.
1412 1705 1478 1753 74,
1514 1713 1553 1747 et
1583 1720 1667 1747 cer-

139 1781 222 1816 tum
252 1780 313 1815 est
340 1788 413 1827 per
444 1774 627 1827 strophas
658 1777 920 1828 compositum
952 1787 1040 1815 esse
1070 1776 1297 1828 poemation
1326 1781 1365 1815 et
1386 1775 1561 1826 singulas
1584 1773 1669 1815 eius

138 1849 270 1896 partes
316 1831 527 1895 dis-ponere
572 1844 667 1883 satis
709 1844 751 1882 in
794 1849 953 1896 promtu
998 1844 1082 1883 fuit.
1143 1855 1218 1883 nec
1257 1848 1324 1882 aut
1361 1843 1669 1895 transponendis

139 1911 316 1952 versibus
344 1916 388 1951 ut
415 1912 456 1950 in
488 1910 585 1950 diris
616 1923 716 1963 opus
746 1911 819 1950 fuit
849 1916 914 1951 aut
943 1911 1095 1951 lacunis
1125 1910 1358 1956 statuendis,
1393 1922 1562 1962 quarum
1585 1917 1667 1951 stu-

140 1979 203 2019 dio
242 1991 369 2031 paene
407 1978 600 2019 ridiculus
639 1978 881 2020 Goebbelius
921 1986 989 2019 est.
1053 1990 1290 2031 quamquam
1331 1978 1502 2018 dubitari
1541 1984 1670 2031 potest

139 2053 230 2100 post
258 2060 293 2087 V.
324 2045 379 2087 73
409 2053 542 2087 utrum
582 2059 684 2086 unus
714 2047 933 2087 versiculus
965 2047 1172 2092 exciderit,
1212 2052 1256 2085 ut
1294 2051 1432 2099 quarta
1463 2053 1669 2087 ternorum

138 2128 322 2155 versuum
353 2114 513 2166 stropha
537 2111 626 2168 (ς”’)
651 2114 798 2164 evadat,
832 2127 882 2155 an
912 2127 984 2167 par
1014 2127 1200 2155 versuum
1233 2115 1454 2154 ternionem
1486 2115 1668 2168 stropha-

139 2196 228 2224 rum
259 2183 517 2228 concluserit,
558 2183 663 2233 quod
694 2184 789 2235 quin
821 2183 870 2223 ad
902 2183 1002 2223 hanc
1032 2189 1186 2235 partem
1217 2183 1434 2234 pertineat,
1468 2195 1547 2223 non
1579 2196 1669 2223 cum

141 2251 398 2302 sequentihus
441 2251 762 2302 coniungentium
801 2252 851 2291 sit
889 2263 1025 2291 rerum
1065 2250 1363 2290 similitudinem
1403 2251 1670 2292 consideranti

141 2318 305 2359 dubium
336 2331 416 2365 non
448 2323 518 2358 est.
579 2324 785 2371 praeterea
826 2318 1022 2371 epilogum
1064 2318 1109 2370 (v.
1142 2316 1324 2371 74—80)
1357 2325 1474 2359 erunt
1502 2319 1670 2360 fortasse

142 2388 209 2439 qui
244 2386 411 2426 solidum
449 2392 600 2438 septem
638 2398 823 2426 versuum
862 2398 1009 2439 corpus
1046 2399 1207 2426 servare
1238 2399 1355 2439 quam
1385 2389 1425 2426 in
1456 2387 1697 2440 particulas

142 2455 339 2494 dissecare
369 2453 520 2493 malint.
572 2453 742 2506 denique
774 2454 1015 2494 monendum
1037 2454 1219 2505 strophas
1248 2452 1295 2506 γ’
1326 2459 1364 2494 et
1393 2452 1453 2506 γ”
1482 2457 1535 2495 ita
1566 2457 1670 2496 inter

141 2536 184 2562 se
214 2534 386 2561 conexas
424 2533 528 2567 esse,
571 2527 614 2561 ut
645 2522 712 2572 qui
742 2521 862 2561 medii
899 2527 993 2562 sunt
1022 2535 1159 2562 versus
1189 2520 1360 2562 32-34
1388 2527 1449 2562 ter
1479 2523 1527 2563 ab
1557 2525 1670 2563 initio

140 2590 334 2630 redeunte
379 2588 515 2629 vocula
553 2591 635 2629 sive
671 2589 952 2641 comprehensi
990 2590 1286 2630 circumdentur
1323 2590 1490 2643 reliquis
1527 2591 1668 2638 tribus,

142 2670 310 2711 quorum
342 2670 445 2697 unus
476 2654 556 2709 (31)
589 2656 807 2709 respondet
836 2657 1105 2698 antecedentis
1135 2658 1325 2710 strophae
1355 2671 1383 2709 γ
1413 2660 1542 2711 primo
1573 2657 1671 2713 (28),

141 2725 284 2778 reliqui
315 2725 394 2765 duo
426 2725 593 2764 extremi
625 2722 692 2775 (35
723 2724 796 2776 sq.)
829 2726 1056 2766 universum
1087 2727 1200 2765 cuius
1232 2725 1412 2778 exempla
1442 2731 1600 2767 taurum
1632 2733 1670 2767 et

144 2806 308 2844 caprum
353 2797 468 2844 poeta
510 2792 686 2843 elegerat
723 2792 952 2833 animalium
991 2805 1114 2844 genus
1154 2793 1350 2845 complexi
1382 2794 1484 2834 hanc
1514 2800 1668 2847 partem

145 2860 362 2902 absolvunt.
425 2859 606 2902 ordinem
643 2861 785 2903 inverti
825 2860 991 2902 duorum
1022 2873 1208 2902 versuum
1241 2859 1291 2902 17
1323 2873 1395 2914 sq„
1436 2868 1480 2902 ut
1511 2868 1549 2903 et
1579 2876 1670 2911 cum
