<?xml version="1.0" encoding="UTF-8"?>
<!DOCTYPE html PUBLIC "-//W3C//DTD XHTML 1.0 Transitional//EN"
    "http://www.w3.org/TR/xhtml1/DTD/xhtml1-transitional.dtd">
<html xmlns="http://www.w3.org/1999/xhtml" xml:lang="en" lang="en">
 <head>
  <title>
</title>
<meta http-equiv="Content-Type" content="text/html;charset=utf-8" />
  <meta name='ocr-system' content='tesseract 3.04.00' />
  <meta name='ocr-capabilities' content='ocr_page ocr_carea ocr_par ocr_line ocrx_word'/>
</head>
<body>
  <div class='ocr_page' id='page_1' title='image "./operavirg04virguoft_0043.png"; bbox 0 0 1884 3126; ppageno 0'>
   <div class='ocr_carea' id='block_1_1' title="bbox 774 74 1636 120">
    <p class='ocr_par' dir='ltr' id='par_1_1' title="bbox 774 74 1636 120">
     <span class='ocr_line' id='line_1_1' title="bbox 774 74 1636 120; baseline -0.001 -2"><span class='ocrx_word' id='word_1_1' title='bbox 774 90 907 120; x_wconf 75' lang='lat' dir='ltr'><strong>CAPUT</strong></span> <span class='ocrx_word' id='word_1_2' title='bbox 938 91 965 118; x_wconf 93' lang='lat'>1.</span> <span class='ocrx_word' id='word_1_3' title='bbox 1579 74 1636 117; x_wconf 83' lang='lat'>23</span> 
     </span>
    </p>
   </div>
   <div class='ocr_carea' id='block_1_2' title="bbox 106 203 1632 327">
    <p class='ocr_par' dir='ltr' id='par_1_2' title="bbox 106 203 1632 327">
     <span class='ocr_line' id='line_1_2' title="bbox 106 203 1632 259; baseline -0.003 -13"><span class='ocrx_word' id='word_1_4' title='bbox 106 220 203 259; x_wconf 90' lang='lat' dir='ltr'>pore</span> <span class='ocrx_word' id='word_1_5' title='bbox 226 205 456 257; x_wconf 83' lang='lat' dir='ltr'>Vergilianis</span> <span class='ocrx_word' id='word_1_6' title='bbox 493 204 640 257; x_wconf 81' lang='lat' dir='ltr'>eclogis</span> <span class='ocrx_word' id='word_1_7' title='bbox 671 217 742 257; x_wconf 91' lang='lat' dir='ltr'>par</span> <span class='ocrx_word' id='word_1_8' title='bbox 773 209 813 244; x_wconf 90' lang='lat' dir='ltr'>et</span> <span class='ocrx_word' id='word_1_9' title='bbox 842 209 1075 255; x_wconf 88' lang='lat' dir='ltr'>argumento</span> <span class='ocrx_word' id='word_1_10' title='bbox 1106 203 1280 242; x_wconf 88' lang='lat' dir='ltr'>dirarum</span> <span class='ocrx_word' id='word_1_11' title='bbox 1314 207 1422 242; x_wconf 86' lang='lat' dir='ltr'>certe</span> <span class='ocrx_word' id='word_1_12' title='bbox 1453 216 1472 243; x_wconf 90' lang='lat' dir='ltr'>a</span> <span class='ocrx_word' id='word_1_13' title='bbox 1504 204 1632 255; x_wconf 91' lang='lat' dir='ltr'>prima</span> 
     </span>
     <span class='ocr_line' id='line_1_3' title="bbox 108 270 1573 327; baseline -0.002 -13"><span class='ocrx_word' id='word_1_14' title='bbox 108 281 146 314; x_wconf 89' lang='lat' dir='ltr'>et</span> <span class='ocrx_word' id='word_1_15' title='bbox 176 287 276 314; x_wconf 88' lang='lat' dir='ltr'>nona</span> <span class='ocrx_word' id='word_1_16' title='bbox 308 275 486 327; x_wconf 83' lang='lat' dir='ltr'>proxime</span> <span class='ocrx_word' id='word_1_17' title='bbox 518 286 592 314; x_wconf 91' lang='lat' dir='ltr'>nec</span> <span class='ocrx_word' id='word_1_18' title='bbox 622 273 738 314; x_wconf 84' lang='lat' dir='ltr'>nimis</span> <span class='ocrx_word' id='word_1_19' title='bbox 768 285 790 312; x_wconf 91' lang='lat' dir='ltr'>a</span> <span class='ocrx_word' id='word_1_20' title='bbox 822 270 1031 312; x_wconf 85' lang='lat' dir='ltr'>bucolicon</span> <span class='ocrx_word' id='word_1_21' title='bbox 1060 270 1150 311; x_wconf 90' lang='lat' dir='ltr'>stilo</span> <span class='ocrx_word' id='word_1_22' title='bbox 1181 270 1322 311; x_wconf 88' lang='lat' dir='ltr'>abesse</span> <span class='ocrx_word' id='word_1_23' title='bbox 1354 270 1573 312; x_wconf 91' lang='lat' dir='ltr'>videbatur.</span> 
     </span>
    </p>
   </div>
   <div class='ocr_carea' id='block_1_3' title="bbox 93 474 1685 2229">
    <p class='ocr_par' dir='ltr' id='par_1_3' title="bbox 93 474 1685 2229">
     <span class='ocr_line' id='line_1_4' title="bbox 218 474 1632 531; baseline -0.004 -12"><span class='ocrx_word' id='word_1_24' title='bbox 218 479 385 531; x_wconf 81' lang='lat' dir='ltr'>Propter</span> <span class='ocrx_word' id='word_1_25' title='bbox 421 478 543 518; x_wconf 83' lang='lat' dir='ltr'>solam</span> <span class='ocrx_word' id='word_1_26' title='bbox 581 477 750 530; x_wconf 86' lang='lat' dir='ltr'>denique</span> <span class='ocrx_word' id='word_1_27' title='bbox 788 475 867 516; x_wconf 91' lang='lat' dir='ltr'>stili</span> <span class='ocrx_word' id='word_1_28' title='bbox 898 475 1113 527; x_wconf 80' lang='lat' dir='ltr'>Vergiliani</span> <span class='ocrx_word' id='word_1_29' title='bbox 1143 475 1404 514; x_wconf 89' lang='lat' dir='ltr'>imitationem</span> <span class='ocrx_word' id='word_1_30' title='bbox 1436 474 1632 525; x_wconf 88' lang='lat' dir='ltr'>quandam</span> 
     </span>
     <span class='ocr_line' id='line_1_5' title="bbox 106 543 1632 598; baseline -0.003 -11"><span class='ocrx_word' id='word_1_31' title='bbox 106 548 248 587; x_wconf 85' lang='lat' dir='ltr'>ceteris</span> <span class='ocrx_word' id='word_1_32' title='bbox 284 545 483 598; x_wconf 83' lang='lat' dir='ltr'>opusculis</span> <span class='ocrx_word' id='word_1_33' title='bbox 521 546 746 585; x_wconf 88' lang='lat' dir='ltr'>adiunctum</span> <span class='ocrx_word' id='word_1_34' title='bbox 786 544 937 584; x_wconf 82' lang='lat' dir='ltr'>videtur</span> <span class='ocrx_word' id='word_1_35' title='bbox 982 545 1142 584; x_wconf 79' lang='lat' dir='ltr'>Aetna</span> <span class='ocrx_word' id='word_1_36' title='bbox 1179 555 1340 596; x_wconf 85' lang='lat' dir='ltr'>poema,</span> <span class='ocrx_word' id='word_1_37' title='bbox 1381 543 1484 596; x_wconf 88' lang='lat' dir='ltr'>quod</span> <span class='ocrx_word' id='word_1_38' title='bbox 1523 548 1632 583; x_wconf 90' lang='lat' dir='ltr'>certe</span> 
     </span>
     <span class='ocr_line' id='line_1_6' title="bbox 107 611 1628 666; baseline -0.003 -11"><span class='ocrx_word' id='word_1_39' title='bbox 107 616 256 655; x_wconf 84' lang='lat' dir='ltr'>Seneca</span> <span class='ocrx_word' id='word_1_40' title='bbox 287 627 376 654; x_wconf 85' lang='lat' dir='ltr'>cum</span> <span class='ocrx_word' id='word_1_41' title='bbox 407 615 519 666; x_wconf 89' lang='lat' dir='ltr'>epist.</span> <span class='ocrx_word' id='word_1_42' title='bbox 547 611 600 653; x_wconf 84' lang='lat'>79</span> <span class='ocrx_word' id='word_1_43' title='bbox 631 613 788 665; x_wconf 88' lang='lat' dir='ltr'>scripsit</span> <span class='ocrx_word' id='word_1_44' title='bbox 818 612 993 652; x_wconf 89' lang='lat' dir='ltr'>nondum</span> <span class='ocrx_word' id='word_1_45' title='bbox 1025 618 1201 652; x_wconf 85' lang='lat' dir='ltr'>noverat.</span> <span class='ocrx_word' id='word_1_46' title='bbox 1255 611 1361 663; x_wconf 89' lang='lat' dir='ltr'>quod</span> <span class='ocrx_word' id='word_1_47' title='bbox 1391 612 1424 651; x_wconf 90' lang='lat' dir='ltr'>si</span> <span class='ocrx_word' id='word_1_48' title='bbox 1454 611 1628 665; x_wconf 81' lang='lat' dir='ltr'>legisset,</span> 
     </span>
     <span class='ocr_line' id='line_1_7' title="bbox 102 679 1628 734; baseline -0.002 -12"><span class='ocrx_word' id='word_1_49' title='bbox 102 695 197 734; x_wconf 86' lang='lat' dir='ltr'>prae</span> <span class='ocrx_word' id='word_1_50' title='bbox 234 683 377 721; x_wconf 83' lang='lat' dir='ltr'>ceteris</span> <span class='ocrx_word' id='word_1_51' title='bbox 414 680 677 726; x_wconf 79' lang='lat' dir='ltr'>carminibus,</span> <span class='ocrx_word' id='word_1_52' title='bbox 709 681 749 719; x_wconf 92' lang='lat' dir='ltr'>in</span> <span class='ocrx_word' id='word_1_53' title='bbox 781 680 926 732; x_wconf 88' lang='lat' dir='ltr'>quibus</span> <span class='ocrx_word' id='word_1_54' title='bbox 965 679 1093 720; x_wconf 88' lang='lat' dir='ltr'>obiter</span> <span class='ocrx_word' id='word_1_55' title='bbox 1131 681 1255 720; x_wconf 85' lang='lat' dir='ltr'>Aetna</span> <span class='ocrx_word' id='word_1_56' title='bbox 1295 679 1507 732; x_wconf 16' lang='lat' dir='ltr'>descripta*</span> <span class='ocrx_word' id='word_1_57' title='bbox 1532 685 1628 726; x_wconf 88' lang='lat' dir='ltr'>erat,</span> 
     </span>
     <span class='ocr_line' id='line_1_8' title="bbox 102 745 1671 801; baseline -0.003 -12"><span class='ocrx_word' id='word_1_58' title='bbox 102 750 348 790; x_wconf 80' lang='lat' dir='ltr'>laudavisset.</span> <span class='ocrx_word' id='word_1_59' title='bbox 409 761 498 788; x_wconf 88' lang='lat' dir='ltr'>nam</span> <span class='ocrx_word' id='word_1_60' title='bbox 529 754 689 800; x_wconf 89' lang='lat' dir='ltr'>praeter</span> <span class='ocrx_word' id='word_1_61' title='bbox 719 748 879 800; x_wconf 88' lang='lat' dir='ltr'>Vergilii</span> <span class='ocrx_word' id='word_1_62' title='bbox 909 748 1082 788; x_wconf 85' lang='lat' dir='ltr'>Aeneida</span> <span class='ocrx_word' id='word_1_63' title='bbox 1115 747 1179 798; x_wconf 90' lang='grc' dir='ltr'>(ΙΙΙ</span> <span class='ocrx_word' id='word_1_64' title='bbox 1199 745 1285 788; x_wconf 85' lang='grc'>570</span> <span class='ocrx_word' id='word_1_65' title='bbox 1306 747 1408 801; x_wconf 89' lang='lat' dir='ltr'>sqq.)</span> <span class='ocrx_word' id='word_1_66' title='bbox 1443 753 1481 787; x_wconf 92' lang='lat' dir='ltr'>et</span> <span class='ocrx_word' id='word_1_67' title='bbox 1502 747 1631 788; x_wconf 86' lang='lat' dir='ltr'>Ovidii</span> <span class='ocrx_word' id='word_1_68' title='bbox 1667 779 1671 784; x_wconf 88' lang='grc'><em>,</em></span> 
     </span>
     <span class='ocr_line' id='line_1_9' title="bbox 102 815 1628 870; baseline -0.001 -12"><span class='ocrx_word' id='word_1_69' title='bbox 102 817 442 870; x_wconf 86' lang='lat' dir='ltr'>metamorphoses</span> <span class='ocrx_word' id='word_1_70' title='bbox 463 816 637 857; x_wconf 89' lang='lat' dir='ltr'>Cornelii</span> <span class='ocrx_word' id='word_1_71' title='bbox 657 816 791 856; x_wconf 90' lang='lat' dir='ltr'>Severi</span> <span class='ocrx_word' id='word_1_72' title='bbox 822 815 968 856; x_wconf 89' lang='lat' dir='ltr'>bellum</span> <span class='ocrx_word' id='word_1_73' title='bbox 1000 816 1175 856; x_wconf 90' lang='lat' dir='ltr'>Siculum</span> <span class='ocrx_word' id='word_1_74' title='bbox 1208 816 1430 868; x_wconf 84' lang='lat' dir='ltr'>significare</span> <span class='ocrx_word' id='word_1_75' title='bbox 1461 815 1628 861; x_wconf 82' lang='lat' dir='ltr'>videtur,</span> 
     </span>
     <span class='ocr_line' id='line_1_10' title="bbox 99 883 1625 938; baseline -0.001 -12"><span class='ocrx_word' id='word_1_76' title='bbox 99 899 172 926; x_wconf 88' lang='lat' dir='ltr'>nec</span> <span class='ocrx_word' id='word_1_77' title='bbox 202 887 287 938; x_wconf 91' lang='lat' dir='ltr'>ipse</span> <span class='ocrx_word' id='word_1_78' title='bbox 318 884 508 930; x_wconf 87' lang='lat' dir='ltr'>Lucilius,</span> <span class='ocrx_word' id='word_1_79' title='bbox 541 890 777 937; x_wconf 86' lang='lat' dir='ltr'>procurator</span> <span class='ocrx_word' id='word_1_80' title='bbox 800 884 985 931; x_wconf 84' lang='lat' dir='ltr'>Siciliae,</span> <span class='ocrx_word' id='word_1_81' title='bbox 1019 885 1194 924; x_wconf 87' lang='lat' dir='ltr'>Senecae</span> <span class='ocrx_word' id='word_1_82' title='bbox 1226 886 1389 930; x_wconf 87' lang='lat' dir='ltr'>amicus,</span> <span class='ocrx_word' id='word_1_83' title='bbox 1422 883 1625 936; x_wconf 83' lang='lat' dir='ltr'>peculiare</span> 
     </span>
     <span class='ocr_line' id='line_1_11' title="bbox 100 952 1626 1006; baseline -0.002 -12"><span class='ocrx_word' id='word_1_84' title='bbox 100 954 148 994; x_wconf 88' lang='lat' dir='ltr'>de</span> <span class='ocrx_word' id='word_1_85' title='bbox 169 955 291 994; x_wconf 86' lang='lat' dir='ltr'>Aetna</span> <span class='ocrx_word' id='word_1_86' title='bbox 321 965 460 1006; x_wconf 87' lang='lat' dir='ltr'>poema</span> <span class='ocrx_word' id='word_1_87' title='bbox 493 958 573 993; x_wconf 90' lang='lat' dir='ltr'>tum</span> <span class='ocrx_word' id='word_1_88' title='bbox 605 954 826 1005; x_wconf 88' lang='lat' dir='ltr'>scripturus</span> <span class='ocrx_word' id='word_1_89' title='bbox 857 958 952 998; x_wconf 88' lang='lat' dir='ltr'>erat,</span> <span class='ocrx_word' id='word_1_90' title='bbox 985 965 1074 992; x_wconf 92' lang='lat' dir='ltr'>cum</span> <span class='ocrx_word' id='word_1_91' title='bbox 1105 952 1171 992; x_wconf 88' lang='lat' dir='ltr'>ille</span> <span class='ocrx_word' id='word_1_92' title='bbox 1203 952 1367 992; x_wconf 88' lang='lat' dir='ltr'>suadeat</span> <span class='ocrx_word' id='word_1_93' title='bbox 1398 957 1440 992; x_wconf 94' lang='lat' dir='ltr'>ut</span> <span class='ocrx_word' id='word_1_94' title='bbox 1470 953 1510 991; x_wconf 91' lang='lat' dir='ltr'>iu</span> <span class='ocrx_word' id='word_1_95' title='bbox 1535 965 1626 992; x_wconf 55' lang='lat' dir='ltr'>cara</span> 
     </span>
     <span class='ocr_line' id='line_1_12' title="bbox 103 1020 1626 1073; baseline 0 -13"><span class='ocrx_word' id='word_1_96' title='bbox 103 1022 208 1061; x_wconf 85' lang='lat' dir='ltr'>mine</span> <span class='ocrx_word' id='word_1_97' title='bbox 239 1028 316 1061; x_wconf 82' lang='lat' dir='ltr'>‘suo</span> <span class='ocrx_word' id='word_1_98' title='bbox 354 1021 445 1073; x_wconf 90' lang='lat' dir='ltr'>(quo</span> <span class='ocrx_word' id='word_1_99' title='bbox 482 1021 649 1060; x_wconf 86' lang='lat' dir='ltr'>fortasse</span> <span class='ocrx_word' id='word_1_100' title='bbox 680 1020 854 1060; x_wconf 90' lang='lat' dir='ltr'>Siciliam</span> <span class='ocrx_word' id='word_1_101' title='bbox 894 1022 1117 1061; x_wconf 88' lang='lat' dir='ltr'>universam</span> <span class='ocrx_word' id='word_1_102' title='bbox 1156 1033 1345 1060; x_wconf 89' lang='lat' dir='ltr'>enarrare</span> <span class='ocrx_word' id='word_1_103' title='bbox 1385 1020 1626 1073; x_wconf 88' lang='lat' dir='ltr'>decreverat)</span> 
     </span>
     <span class='ocr_line' id='line_1_13' title="bbox 104 1087 1685 1145; baseline 0 -17"><span class='ocrx_word' id='word_1_104' title='bbox 104 1089 208 1129; x_wconf 87' lang='lat' dir='ltr'>hunc</span> <span class='ocrx_word' id='word_1_105' title='bbox 251 1100 409 1141; x_wconf 90' lang='lat' dir='ltr'>quoque</span> <span class='ocrx_word' id='word_1_106' title='bbox 448 1087 679 1128; x_wconf 87' lang='lat' dir='ltr'>sollemnem</span> <span class='ocrx_word' id='word_1_107' title='bbox 720 1088 901 1128; x_wconf 90' lang='lat' dir='ltr'>omnibus</span> <span class='ocrx_word' id='word_1_108' title='bbox 945 1091 1073 1141; x_wconf 90' lang='lat' dir='ltr'>poetis</span> <span class='ocrx_word' id='word_1_109' title='bbox 1111 1088 1242 1128; x_wconf 90' lang='lat' dir='ltr'>locum</span> <span class='ocrx_word' id='word_1_110' title='bbox 1283 1090 1471 1139; x_wconf 70' lang='lat' dir='ltr'>attinyat.</span> <span class='ocrx_word' id='word_1_111' title='bbox 1532 1101 1627 1140; x_wconf 87' lang='lat' dir='ltr'>ergo</span> <span class='ocrx_word' id='word_1_112' title='bbox 1682 1144 1685 1145; x_wconf 19' lang='lat'><em>⁷</em></span> 
     </span>
     <span class='ocr_line' id='line_1_14' title="bbox 101 1154 1627 1209; baseline 0 -13"><span class='ocrx_word' id='word_1_113' title='bbox 101 1170 191 1196; x_wconf 82' lang='lat' dir='ltr'>cuin</span> <span class='ocrx_word' id='word_1_114' title='bbox 222 1158 325 1196; x_wconf 89' lang='lat' dir='ltr'>intra</span> <span class='ocrx_word' id='word_1_115' title='bbox 354 1169 478 1197; x_wconf 87' lang='lat' dir='ltr'>annos</span> <span class='ocrx_word' id='word_1_116' title='bbox 507 1154 588 1205; x_wconf 82' lang='lat'>811¹</span> <span class='ocrx_word' id='word_1_117' title='bbox 622 1161 661 1195; x_wconf 88' lang='lat' dir='ltr'>et</span> <span class='ocrx_word' id='word_1_118' title='bbox 690 1154 773 1196; x_wconf 87' lang='grc'>818</span> <span class='ocrx_word' id='word_1_119' title='bbox 803 1154 996 1208; x_wconf 85' lang='grc'>(57-64)</span> <span class='ocrx_word' id='word_1_120' title='bbox 1029 1156 1204 1196; x_wconf 83' lang='lat' dir='ltr'>Senecae</span> <span class='ocrx_word' id='word_1_121' title='bbox 1236 1156 1426 1209; x_wconf 78' lang='lat' dir='ltr'>epistulae</span> <span class='ocrx_word' id='word_1_122' title='bbox 1457 1157 1627 1209; x_wconf 84' lang='lat' dir='ltr'>scriptae</span> 
     </span>
     <span class='ocr_line' id='line_1_15' title="bbox 99 1223 1626 1276; baseline 0.001 -13"><span class='ocrx_word' id='word_1_123' title='bbox 99 1225 196 1270; x_wconf 88' lang='lat' dir='ltr'>sint,</span> <span class='ocrx_word' id='word_1_124' title='bbox 228 1225 350 1264; x_wconf 80' lang='lat' dir='ltr'>Aetna</span> <span class='ocrx_word' id='word_1_125' title='bbox 380 1236 519 1276; x_wconf 90' lang='lat' dir='ltr'>poema</span> <span class='ocrx_word' id='word_1_126' title='bbox 553 1223 657 1274; x_wconf 90' lang='lat' dir='ltr'>quod</span> <span class='ocrx_word' id='word_1_127' title='bbox 696 1228 800 1263; x_wconf 85' lang='lat' dir='ltr'>extat</span> <span class='ocrx_word' id='word_1_128' title='bbox 837 1229 926 1276; x_wconf 86' lang='lat' dir='ltr'>post</span> <span class='ocrx_word' id='word_1_129' title='bbox 966 1223 1062 1263; x_wconf 85' lang='lat' dir='ltr'>illud</span> <span class='ocrx_word' id='word_1_130' title='bbox 1095 1229 1269 1276; x_wconf 88' lang='lat' dir='ltr'>tempus,</span> <span class='ocrx_word' id='word_1_131' title='bbox 1311 1225 1382 1264; x_wconf 88' lang='lat' dir='ltr'>sed</span> <span class='ocrx_word' id='word_1_132' title='bbox 1413 1229 1626 1276; x_wconf 88' lang='lat' dir='ltr'>antequam</span> 
     </span>
     <span class='ocr_line' id='line_1_16' title="bbox 99 1290 1624 1346; baseline 0.001 -15"><span class='ocrx_word' id='word_1_133' title='bbox 99 1292 311 1331; x_wconf 83' lang='lat' dir='ltr'>Suetonius</span> <span class='ocrx_word' id='word_1_134' title='bbox 350 1293 465 1331; x_wconf 88' lang='lat' dir='ltr'>vitam</span> <span class='ocrx_word' id='word_1_135' title='bbox 506 1290 668 1342; x_wconf 88' lang='lat' dir='ltr'>Vergilii</span> <span class='ocrx_word' id='word_1_136' title='bbox 705 1292 941 1343; x_wconf 90' lang='lat' dir='ltr'>composuit,</span> <span class='ocrx_word' id='word_1_137' title='bbox 986 1298 1024 1332; x_wconf 90' lang='lat' dir='ltr'>et</span> <span class='ocrx_word' id='word_1_138' title='bbox 1061 1290 1254 1345; x_wconf 72' lang='lat' dir='ltr'>scriptum</span> <span class='ocrx_word' id='word_1_139' title='bbox 1296 1299 1333 1332; x_wconf 88' lang='lat' dir='ltr'>et</span> <span class='ocrx_word' id='word_1_140' title='bbox 1372 1295 1410 1332; x_wconf 91' lang='lat' dir='ltr'>in</span> <span class='ocrx_word' id='word_1_141' title='bbox 1449 1292 1624 1346; x_wconf 81' lang='lat' dir='ltr'>syllogen</span> 
     </span>
     <span class='ocr_line' id='line_1_17' title="bbox 98 1360 1623 1412; baseline 0.001 -13"><span class='ocrx_word' id='word_1_142' title='bbox 98 1365 271 1401; x_wconf 88' lang='lat' dir='ltr'>nostram</span> <span class='ocrx_word' id='word_1_143' title='bbox 301 1364 504 1412; x_wconf 86' lang='lat' dir='ltr'>receptum</span> <span class='ocrx_word' id='word_1_144' title='bbox 534 1371 697 1399; x_wconf 89' lang='lat' dir='ltr'>necesse</span> <span class='ocrx_word' id='word_1_145' title='bbox 719 1363 790 1405; x_wconf 86' lang='lat' dir='ltr'>est,</span> <span class='ocrx_word' id='word_1_146' title='bbox 822 1360 1016 1412; x_wconf 88' lang='lat' dir='ltr'>siquidem</span> <span class='ocrx_word' id='word_1_147' title='bbox 1038 1366 1147 1400; x_wconf 89' lang='lat' dir='ltr'>recte</span> <span class='ocrx_word' id='word_1_148' title='bbox 1170 1361 1357 1407; x_wconf 89' lang='lat' dir='ltr'>creditur,</span> <span class='ocrx_word' id='word_1_149' title='bbox 1390 1362 1623 1401; x_wconf 88' lang='lat' dir='ltr'>Suetonium</span> 
     </span>
     <span class='ocr_line' id='line_1_18' title="bbox 99 1427 1624 1481; baseline 0 -13"><span class='ocrx_word' id='word_1_150' title='bbox 99 1433 140 1468; x_wconf 89' lang='lat' dir='ltr'>ut</span> <span class='ocrx_word' id='word_1_151' title='bbox 169 1427 465 1480; x_wconf 87' lang='lat' dir='ltr'>compilatorem</span> <span class='ocrx_word' id='word_1_152' title='bbox 505 1428 589 1467; x_wconf 86' lang='lat' dir='ltr'>eius</span> <span class='ocrx_word' id='word_1_153' title='bbox 622 1428 815 1467; x_wconf 87' lang='lat' dir='ltr'>Donatum</span> <span class='ocrx_word' id='word_1_154' title='bbox 846 1428 1011 1468; x_wconf 87' lang='lat' dir='ltr'>Aetnam</span> <span class='ocrx_word' id='word_1_155' title='bbox 1043 1429 1147 1468; x_wconf 90' lang='lat' dir='ltr'>inter</span> <span class='ocrx_word' id='word_1_156' title='bbox 1179 1428 1370 1481; x_wconf 88' lang='lat' dir='ltr'>opuscula</span> <span class='ocrx_word' id='word_1_157' title='bbox 1402 1429 1624 1481; x_wconf 83' lang='lat' dir='ltr'>Vergiliana</span> 
     </span>
     <span class='ocr_line' id='line_1_19' title="bbox 98 1496 1623 1550; baseline 0 -14"><span class='ocrx_word' id='word_1_158' title='bbox 98 1496 400 1536; x_wconf 85' lang='lat' dir='ltr'>enumeravisse.</span> <span class='ocrx_word' id='word_1_159' title='bbox 460 1496 681 1536; x_wconf 80' lang='lat' dir='ltr'>accuratius</span> <span class='ocrx_word' id='word_1_160' title='bbox 720 1496 836 1535; x_wconf 88' lang='lat' dir='ltr'>etiam</span> <span class='ocrx_word' id='word_1_161' title='bbox 882 1497 1094 1536; x_wconf 88' lang='lat' dir='ltr'>terminum</span> <span class='ocrx_word' id='word_1_162' title='bbox 1139 1503 1229 1537; x_wconf 89' lang='lat' dir='ltr'>ante</span> <span class='ocrx_word' id='word_1_163' title='bbox 1276 1509 1394 1549; x_wconf 87' lang='lat' dir='ltr'>quem</span> <span class='ocrx_word' id='word_1_164' title='bbox 1431 1499 1623 1550; x_wconf 83' lang='lat' dir='ltr'>scriptum</span> 
     </span>
     <span class='ocr_line' id='line_1_20' title="bbox 97 1562 1622 1617; baseline 0.002 -14"><span class='ocrx_word' id='word_1_165' title='bbox 97 1576 184 1603; x_wconf 88' lang='lat' dir='ltr'>esse</span> <span class='ocrx_word' id='word_1_166' title='bbox 213 1562 418 1615; x_wconf 85' lang='lat' dir='ltr'>probabile</span> <span class='ocrx_word' id='word_1_167' title='bbox 450 1564 499 1603; x_wconf 89' lang='lat' dir='ltr'>sit</span> <span class='ocrx_word' id='word_1_168' title='bbox 529 1562 704 1602; x_wconf 83' lang='lat' dir='ltr'>definivit</span> <span class='ocrx_word' id='word_1_169' title='bbox 733 1565 966 1616; x_wconf 84' lang='lat' dir='ltr'>nuperrime</span> <span class='ocrx_word' id='word_1_170' title='bbox 986 1565 1140 1612; x_wconf 77' lang='lat' dir='ltr'>Mauro,</span> <span class='ocrx_word' id='word_1_171' title='bbox 1175 1567 1286 1606; x_wconf 88' lang='lat' dir='ltr'>cuius</span> <span class='ocrx_word' id='word_1_172' title='bbox 1317 1566 1498 1606; x_wconf 88' lang='lat' dir='ltr'>recensio</span> <span class='ocrx_word' id='word_1_173' title='bbox 1531 1578 1622 1617; x_wconf 87' lang='lat' dir='ltr'>poe-</span> 
     </span>
     <span class='ocr_line' id='line_1_21' title="bbox 96 1629 1619 1686; baseline 0.002 -16"><span class='ocrx_word' id='word_1_174' title='bbox 96 1632 210 1671; x_wconf 88' lang='lat' dir='ltr'>matis</span> <span class='ocrx_word' id='word_1_175' title='bbox 246 1631 307 1670; x_wconf 91' lang='lat' dir='ltr'>his</span> <span class='ocrx_word' id='word_1_176' title='bbox 342 1632 436 1683; x_wconf 91' lang='lat' dir='ltr'>ipsis</span> <span class='ocrx_word' id='word_1_177' title='bbox 475 1629 636 1678; x_wconf 89' lang='lat' dir='ltr'>diebus,</span> <span class='ocrx_word' id='word_1_178' title='bbox 679 1643 768 1670; x_wconf 90' lang='lat' dir='ltr'>cum</span> <span class='ocrx_word' id='word_1_179' title='bbox 807 1631 874 1671; x_wconf 88' lang='lat' dir='ltr'>diu</span> <span class='ocrx_word' id='word_1_180' title='bbox 912 1633 985 1672; x_wconf 83' lang='lat' dir='ltr'>suit</span> <span class='ocrx_word' id='word_1_181' title='bbox 1022 1639 1232 1685; x_wconf 86' lang='lat' dir='ltr'>postquam</span> <span class='ocrx_word' id='word_1_182' title='bbox 1270 1633 1338 1673; x_wconf 92' lang='lat' dir='ltr'>illa</span> <span class='ocrx_word' id='word_1_183' title='bbox 1369 1635 1619 1686; x_wconf 90' lang='lat' dir='ltr'>scripseram,</span> 
     </span>
     <span class='ocr_line' id='line_1_22' title="bbox 96 1697 1618 1741; baseline 0.001 -2"><span class='ocrx_word' id='word_1_184' title='bbox 96 1699 257 1739; x_wconf 88' lang='lat' dir='ltr'>editoris</span> <span class='ocrx_word' id='word_1_185' title='bbox 287 1699 503 1738; x_wconf 78' lang='lat' dir='ltr'>doctissimi</span> <span class='ocrx_word' id='word_1_186' title='bbox 532 1697 726 1738; x_wconf 83' lang='lat' dir='ltr'>beneficio</span> <span class='ocrx_word' id='word_1_187' title='bbox 758 1699 853 1739; x_wconf 81' lang='lat' dir='ltr'>mihi</span> <span class='ocrx_word' id='word_1_188' title='bbox 884 1701 1110 1740; x_wconf 87' lang='lat' dir='ltr'>transmissa</span> <span class='ocrx_word' id='word_1_189' title='bbox 1143 1706 1213 1741; x_wconf 85' lang='lat' dir='ltr'>est.</span> <span class='ocrx_word' id='word_1_190' title='bbox 1276 1714 1367 1741; x_wconf 89' lang='lat' dir='ltr'>cum</span> <span class='ocrx_word' id='word_1_191' title='bbox 1398 1703 1503 1741; x_wconf 90' lang='lat' dir='ltr'>enim</span> <span class='ocrx_word' id='word_1_192' title='bbox 1525 1701 1618 1741; x_wconf 88' lang='lat' dir='ltr'>Vul-</span> 
     </span>
     <span class='ocr_line' id='line_1_23' title="bbox 96 1764 1643 1822; baseline 0.003 -16"><span class='ocrx_word' id='word_1_193' title='bbox 96 1768 184 1807; x_wconf 90' lang='lat' dir='ltr'>cani</span> <span class='ocrx_word' id='word_1_194' title='bbox 222 1779 323 1818; x_wconf 87' lang='lat' dir='ltr'>quae</span> <span class='ocrx_word' id='word_1_195' title='bbox 360 1780 463 1806; x_wconf 92' lang='lat' dir='ltr'>anno</span> <span class='ocrx_word' id='word_1_196' title='bbox 493 1779 530 1820; x_wconf 90' lang='lat' dir='ltr'>p.</span> <span class='ocrx_word' id='word_1_197' title='bbox 564 1766 655 1807; x_wconf 86' lang='lat' dir='ltr'>Chr.</span> <span class='ocrx_word' id='word_1_198' title='bbox 687 1764 741 1806; x_wconf 84' lang='lat'>79</span> <span class='ocrx_word' id='word_1_199' title='bbox 772 1767 914 1807; x_wconf 88' lang='lat' dir='ltr'>accidit</span> <span class='ocrx_word' id='word_1_200' title='bbox 951 1770 1106 1821; x_wconf 89' lang='lat' dir='ltr'>eruptio</span> <span class='ocrx_word' id='word_1_201' title='bbox 1139 1783 1160 1808; x_wconf 85' lang='lat' dir='ltr'>a</span> <span class='ocrx_word' id='word_1_202' title='bbox 1190 1776 1308 1822; x_wconf 85' lang='lat' dir='ltr'>poeta</span> <span class='ocrx_word' id='word_1_203' title='bbox 1339 1765 1643 1817; x_wconf 48' lang='lat' dir='ltr'>curiosissimos</span> 
     </span>
     <span class='ocr_line' id='line_1_24' title="bbox 96 1834 1622 1890; baseline 0.002 -16"><span class='ocrx_word' id='word_1_204' title='bbox 96 1836 163 1886; x_wconf 90' lang='lat' dir='ltr'>qui</span> <span class='ocrx_word' id='word_1_205' title='bbox 201 1834 390 1887; x_wconf 83' lang='lat' dir='ltr'>exemplis</span> <span class='ocrx_word' id='word_1_206' title='bbox 426 1840 635 1888; x_wconf 87' lang='lat' dir='ltr'>praecepta</span> <span class='ocrx_word' id='word_1_207' title='bbox 673 1848 743 1876; x_wconf 86' lang='lat' dir='ltr'>sua</span> <span class='ocrx_word' id='word_1_208' title='bbox 782 1835 981 1876; x_wconf 86' lang='lat' dir='ltr'>illustrare</span> <span class='ocrx_word' id='word_1_209' title='bbox 1011 1838 1181 1877; x_wconf 77' lang='lat' dir='ltr'>maxime</span> <span class='ocrx_word' id='word_1_210' title='bbox 1211 1837 1385 1883; x_wconf 89' lang='lat' dir='ltr'>studeat,</span> <span class='ocrx_word' id='word_1_211' title='bbox 1426 1850 1622 1890; x_wconf 87' lang='lat' dir='ltr'>nusquam</span> 
     </span>
     <span class='ocr_line' id='line_1_25' title="bbox 95 1903 1621 1959; baseline 0.003 -17"><span class='ocrx_word' id='word_1_212' title='bbox 95 1908 447 1949; x_wconf 86' lang='lat' dir='ltr'>commemoretur,</span> <span class='ocrx_word' id='word_1_213' title='bbox 494 1907 583 1942; x_wconf 91' lang='lat' dir='ltr'>ante</span> <span class='ocrx_word' id='word_1_214' title='bbox 628 1915 763 1943; x_wconf 88' lang='lat' dir='ltr'>casum</span> <span class='ocrx_word' id='word_1_215' title='bbox 804 1903 913 1944; x_wconf 92' lang='lat' dir='ltr'>illum</span> <span class='ocrx_word' id='word_1_216' title='bbox 961 1906 1273 1946; x_wconf 80' lang='lat' dir='ltr'>funestissimum</span> <span class='ocrx_word' id='word_1_217' title='bbox 1310 1919 1450 1959; x_wconf 90' lang='lat' dir='ltr'>poema</span> <span class='ocrx_word' id='word_1_218' title='bbox 1490 1912 1621 1947; x_wconf 89' lang='lat' dir='ltr'>ortum</span> 
     </span>
     <span class='ocr_line' id='line_1_26' title="bbox 97 1970 1620 2026; baseline 0.003 -17"><span class='ocrx_word' id='word_1_219' title='bbox 97 1983 182 2010; x_wconf 88' lang='lat' dir='ltr'>esse</span> <span class='ocrx_word' id='word_1_220' title='bbox 227 1971 376 2023; x_wconf 90' lang='lat' dir='ltr'>optimo</span> <span class='ocrx_word' id='word_1_221' title='bbox 420 1971 508 2010; x_wconf 91' lang='lat' dir='ltr'>iure</span> <span class='ocrx_word' id='word_1_222' title='bbox 552 1972 688 2011; x_wconf 87' lang='lat' dir='ltr'>statuit</span> <span class='ocrx_word' id='word_1_223' title='bbox 734 1970 784 2024; x_wconf 91' lang='lat' dir='ltr'>(p.</span> <span class='ocrx_word' id='word_1_224' title='bbox 816 1971 898 2025; x_wconf 81' lang='lat'>35).</span> <span class='ocrx_word' id='word_1_225' title='bbox 967 1978 1085 2025; x_wconf 87' lang='lat' dir='ltr'>atque</span> <span class='ocrx_word' id='word_1_226' title='bbox 1122 1974 1227 2013; x_wconf 89' lang='lat' dir='ltr'>idem</span> <span class='ocrx_word' id='word_1_227' title='bbox 1265 1987 1383 2026; x_wconf 87' lang='lat' dir='ltr'>posse</span> <span class='ocrx_word' id='word_1_228' title='bbox 1423 1974 1620 2015; x_wconf 88' lang='lat' dir='ltr'>Lucilium</span> 
     </span>
     <span class='ocr_line' id='line_1_27' title="bbox 95 2039 1619 2093; baseline 0.003 -16"><span class='ocrx_word' id='word_1_229' title='bbox 95 2043 296 2078; x_wconf 87' lang='lat' dir='ltr'>auctorem</span> <span class='ocrx_word' id='word_1_230' title='bbox 336 2039 417 2078; x_wconf 91' lang='lat' dir='ltr'>eius</span> <span class='ocrx_word' id='word_1_231' title='bbox 456 2051 542 2078; x_wconf 86' lang='lat' dir='ltr'>esse</span> <span class='ocrx_word' id='word_1_232' title='bbox 581 2040 799 2079; x_wconf 90' lang='lat' dir='ltr'>accuratius</span> <span class='ocrx_word' id='word_1_233' title='bbox 836 2053 881 2080; x_wconf 92' lang='lat' dir='ltr'>ac</span> <span class='ocrx_word' id='word_1_234' title='bbox 918 2041 1153 2093; x_wconf 88' lang='lat' dir='ltr'>prudentius</span> <span class='ocrx_word' id='word_1_235' title='bbox 1183 2042 1454 2082; x_wconf 87' lang='lat' dir='ltr'>Wernsdorfio</span> <span class='ocrx_word' id='word_1_236' title='bbox 1492 2048 1531 2082; x_wconf 90' lang='lat' dir='ltr'>et</span> <span class='ocrx_word' id='word_1_237' title='bbox 1561 2043 1619 2082; x_wconf 89' lang='lat' dir='ltr'>la-</span> 
     </span>
     <span class='ocr_line' id='line_1_28' title="bbox 95 2105 1619 2164; baseline 0.003 -18"><span class='ocrx_word' id='word_1_238' title='bbox 95 2106 193 2146; x_wconf 90' lang='lat' dir='ltr'>cobo</span> <span class='ocrx_word' id='word_1_239' title='bbox 224 2106 513 2148; x_wconf 61' lang='lat' dir='ltr'>,demonstravit</span> <span class='ocrx_word' id='word_1_240' title='bbox 551 2106 601 2159; x_wconf 87' lang='lat' dir='ltr'>(p.</span> <span class='ocrx_word' id='word_1_241' title='bbox 632 2105 835 2160; x_wconf 79' lang='lat'>32—37):</span> <span class='ocrx_word' id='word_1_242' title='bbox 875 2110 974 2149; x_wconf 87' lang='lat' dir='ltr'>certi</span> <span class='ocrx_word' id='word_1_243' title='bbox 1013 2109 1110 2149; x_wconf 90' lang='lat' dir='ltr'>nihil</span> <span class='ocrx_word' id='word_1_244' title='bbox 1149 2110 1348 2150; x_wconf 83' lang='lat' dir='ltr'>adfirmari</span> <span class='ocrx_word' id='word_1_245' title='bbox 1385 2123 1501 2163; x_wconf 87' lang='lat' dir='ltr'>posse</span> <span class='ocrx_word' id='word_1_246' title='bbox 1540 2123 1619 2164; x_wconf 89' lang='lat' dir='ltr'>quo</span> 
     </span>
     <span class='ocr_line' id='line_1_29' title="bbox 93 2174 1249 2229; baseline 0.004 -16"><span class='ocrx_word' id='word_1_247' title='bbox 93 2175 238 2214; x_wconf 80' lang='lat' dir='ltr'>fruitur</span> <span class='ocrx_word' id='word_1_248' title='bbox 269 2174 402 2215; x_wconf 90' lang='lat' dir='ltr'>sobrio</span> <span class='ocrx_word' id='word_1_249' title='bbox 432 2174 575 2215; x_wconf 89' lang='lat' dir='ltr'>iudicio</span> <span class='ocrx_word' id='word_1_250' title='bbox 608 2176 664 2215; x_wconf 89' lang='lat' dir='ltr'>vir</span> <span class='ocrx_word' id='word_1_251' title='bbox 695 2175 946 2217; x_wconf 84' lang='lat' dir='ltr'>doctissimus</span> <span class='ocrx_word' id='word_1_252' title='bbox 975 2177 1062 2229; x_wconf 89' lang='lat' dir='ltr'>ipse</span> <span class='ocrx_word' id='word_1_253' title='bbox 1091 2179 1249 2218; x_wconf 83' lang='lat' dir='ltr'>fatetur.</span> 
     </span>
    </p>
   </div>
  </div>
 </body>
</html>
