1884 3126
744 158 879 186 CAPUT
908 156 972 184 111.
1565 138 1622 180 45

101 270 311 313 V'erborum
372 271 469 311 ordo
507 271 546 310 in
587 283 622 311 v.
654 268 710 310 24
746 269 851 310 felici
906 269 1134 307 coniectura
1172 280 1193 306 a
1238 267 1456 306 colbertini
1491 267 1621 316 quarti

100 347 329 381 correctore
362 340 566 380 restitutus
597 344 636 379 et
666 337 893 390 transpositi
923 349 956 375 V.
987 333 1040 374 21
1073 346 1130 386 sq.
1164 340 1202 374 et
1235 331 1287 374 19
1317 347 1374 385 sq.

214 545 361 596 Exigua
391 543 438 583 ad
469 545 602 583 cirin
633 540 918 582 recensendam
948 539 1089 580 auxilia
1117 539 1479 590 manuscriptorum
1501 537 1622 577 libro-

103 626 189 652 rum
219 618 376 664 praesto
406 617 516 657 sunt,
549 612 616 663 qui
647 615 776 650 autem
809 614 945 649 extant
974 609 1234 660 paucissimos
1266 612 1304 646 et
1334 611 1494 658 praeter
1524 606 1622 645 Bru-

102 680 328 726 xellensem,
359 681 399 719 iu
430 692 507 732 quo
538 684 712 718 extrema
743 683 895 717 tantum
927 689 1019 728 pars
1048 681 1199 715 servata
1229 680 1299 721 est,
1333 675 1625 713 recentissimos

101 762 148 787 ex
187 748 324 788 eodem
366 759 502 787 omnes
546 747 654 786 fonte
691 758 830 798 parum
868 743 935 783 illo
975 743 1035 783 Vel
1074 743 1280 783 emendate
1319 742 1377 781 vel
1416 743 1625 794 perspicue

100 817 246 868 scripto
276 815 436 855 fluxisse
466 814 674 854 multitudo
705 814 885 853 locorum
917 811 1162 852 demonstrat
1183 810 1322 850 eodem
1346 810 1404 849 vel
1425 809 1625 849 simillimo

102 883 218 923 modo
248 885 289 923 in
320 883 501 922 omnibus
532 881 825 934 exemplaribus
856 881 1003 919 nostris
1034 884 1313 931 corruptorum
1347 878 1408 929 (cs.
1443 891 1476 917 V,
1509 875 1537 916 4
1566 888 1624 927 sq.

106 948 167 990 12.
205 949 264 989 14.
304 948 372 990 48.
410 948 479 990 53.
519 948 588 989 66.
628 948 696 990 67.
729 947 796 988 84.
829 946 896 988 86.
930 945 998 987 87.
1030 945 1096 987 88.
1130 944 1199 986 90.
1231 945 1297 987 92.
1331 944 1397 986 94.
1430 943 1497 985 96.
1532 942 1620 984 112.

87 1016 198 1058 =118.
233 1016 313 1058 119
349 1018 423 1058 ubi.
453 1017 583 1057 lenem
615 1017 766 1056 Heinsii
803 1015 998 1056 medelam
1038 1027 1116 1054 non
1155 1002 1324 1066 amplius
1361 1012 1626 1066 spernendam

104 1098 191 1125 esse
222 1085 316 1124 mihi
354 1086 551 1137 persuasi,
594 1082 685 1124 128.
722 1081 813 1123 129.
848 1081 942 1123 132.
976 1081 1069 1123 135.
1105 1080 1186 1122 140
1214 1094 1286 1133 sq„
1330 1079 1423 1121 143.
1458 1078 1538 1120 168
1567 1093 1626 1132 sq.

107 1151 198 1193 175.
236 1151 332 1193 200.
370 1151 464 1192 204.
503 1150 599 1192 246.
638 1150 734 1192 252.
774 1149 869 1191 265.
914 1148 1011 1189 292.
1051 1148 1146 1189 299.
1191 1147 1287 1189 302.
1326 1147 1422 1189 303.
1454 1146 1538 1188 326
1569 1160 1625 1199 sq.

103 1219 198 1260 350.
230 1219 326 1260 361.
356 1219 441 1260 374
470 1234 527 1272 sq.
562 1217 658 1259 384.
689 1218 785 1259 408:
815 1217 914 1258 415.
944 1215 1030 1257 420
1057 1229 1114 1268 sq.
1146 1215 1242 1256 441.
1274 1215 1370 1256 443.
1402 1214 1498 1255 448.
1530 1214 1626 1255 450.

102 1286 199 1328 455.
238 1286 336 1328 457.
375 1285 472 1327 478.
511 1285 607 1326 481.
646 1285 742 1326 524.
782 1284 892 1337 531).
954 1285 1022 1324 sed
1061 1284 1315 1336 archetypum
1355 1285 1526 1323 anticum
1558 1295 1628 1322 un-

103 1355 268 1394 cialibus
298 1355 437 1394 litteris
468 1356 656 1406 scriptum
689 1355 808 1393 fuisse
839 1366 929 1393 cum
960 1352 1133 1405 probent
1163 1352 1326 1392 confusa
1359 1351 1552 1391 elementa

375 1424 406 1462 C
434 1427 473 1462 et
502 1424 540 1462 P
564 1436 597 1462 V.
644 1419 699 1461 88
732 1434 923 1472 papyrus

374 1493 407 1530 C
435 1496 474 1530 et
503 1491 535 1529 S
561 1503 595 1529 v.
626 1488 711 1530 384
739 1502 874 1530 cressa

375 1560 412 1598 D
435 1564 473 1597 et
502 1559 541 1598 R
562 1571 593 1598 V.
628 1555 708 1598 118
738 1560 891 1597 reicere

380 1627 414 1665 D
434 1631 472 1665 et
501 1626 532 1665 S
559 1638 592 1665 V.
628 1624 709 1665 140
737 1627 784 1665 di

377 1695 403 1733 I
437 1699 477 1733 et
507 1695 541 1733 L
562 1706 597 1733 V.
643 1691 699 1733 32
743 1694 919 1733 deiectus

375 1762 419 1801 N
435 1767 473 1801 et
502 1763 540 1800 P
563 1773 597 1801 v.
629 1759 711 1802 531
735 1763 980 1812 patriaeque

375 1831 412 1868 P
437 1836 476 1869 et
508 1830 543 1869 T
562 1843 594 1868 V.
630 1827 709 1870 168
739 1832 866 1869 tincta

375 1898 412 1936 P
438 1902 478 1936 et
507 1899 546 1937 R
566 1911 599 1937 V.
631 1895 713 1937 337
745 1900 918 1947 incepta,
950 1894 1034 1936 457
1065 1898 1218 1937 incerto

108 1971 147 2005 et
176 1978 254 2005 non
286 1965 468 2005 distincta
499 1965 686 2005 vocabula
720 1965 783 2018 (cf.
817 1977 848 2004 V.
880 1962 947 2004 87.
985 1962 1096 2016 112),
1138 1966 1178 2004 in
1211 1977 1258 2004 eo
1290 1964 1526 2017 exemplari,
1567 1967 1630 2005 cui

111 2039 244 2073 nostra
286 2033 434 2073 debere
472 2033 670 2079 videmur,
709 2032 852 2072 similia
883 2033 1043 2073 suerunt
1077 2044 1102 2072 a
1134 2039 1171 2071 et
1200 2046 1224 2071 r
1255 2031 1302 2083 (v.
1332 2031 1451 2086 200),
1493 2034 1525 2081 f
1550 2040 1588 2073 et
1617 2036 1632 2072 l

111 2102 156 2152 (v,
188 2098 306 2152 458),
356 2102 372 2140 l
402 2106 439 2140 et
468 2106 485 2141 t
523 2101 569 2154 (V.
599 2098 696 2141 200.
728 2099 847 2153 450),
894 2113 917 2140 ο
948 2106 986 2140 et
1015 2113 1039 2140 r
1079 2100 1127 2152 (v.
1163 2099 1276 2153 129),
1323 2107 1362 2140 et
1398 2101 1630 2153 compendia

109 2170 329 2221 scripturae
358 2169 528 2222 plurima
559 2169 746 2209 adhibita.

219 2230 449 2289 Fide'prae
486 2238 629 2277 ceteris
666 2237 806 2288 dignus
843 2238 1070 2288 agnoscitur
1107 2237 1387 2277 Bruxellenszs
1423 2238 1632 2289 scripturis

110 2316 206 2355 quas
236 2304 344 2344 solus
375 2307 541 2344 servavit
565 2306 715 2353 secisse
747 2317 778 2343 V.
805 2302 901 2351 458,
932 2305 1160 2344 Salaminia
1193 2317 1224 2344 v.
1245 2302 1342 2355 470,
1372 2307 1497 2345 sinius
1526 2306 1631 2359 quod

110 2372 158 2411 ad
187 2372 335 2412 Sunius
363 2374 543 2424 proxime
573 2372 725 2412 accedit
755 2383 787 2411 V.
818 2369 913 2422 472,
947 2375 1138 2412 vexarier
1167 2374 1286 2413 undis
1317 2387 1349 2413 V.
1371 2371 1468 2419 481,
1501 2379 1632 2414 aeter·

110 2450 202 2479 nam
233 2451 267 2478 V.
287 2437 372 2479 484
394 2440 498 2493 (nam
528 2441 712 2492 quoniam
743 2438 979 2480 immortalis
1008 2441 1139 2480 sutura
1170 2446 1254 2481 erat
1283 2441 1425 2493 puella,
1458 2444 1632 2493 squamis

110 2508 287 2546 vestitam
317 2507 492 2559 piscibus
523 2507 680 2548 trudere
710 2507 835 2548 noluit
864 2508 1125 2561 Amphitrite),
1157 2511 1219 2549 illi
1245 2522 1278 2548 V.
1310 2507 1412 2559 513,
1445 2513 1634 2561 apposuit

111 2587 144 2614 v.
175 2573 277 2621 532,
317 2576 540 2615 haliaeetus
576 2588 609 2614 v.
645 2573 741 2615 536.
803 2576 992 2628 quaedam
1033 2577 1113 2616 sive
1144 2578 1371 2616 coniectura
1404 2590 1483 2617 non
1514 2579 1632 2618 nimis

111 2642 258 2682 difficili
288 2644 368 2682 sive
399 2643 546 2683 codicis
578 2647 651 2695 ope
681 2645 721 2682 in
742 2643 880 2684 Aldina
910 2649 1020 2684 recte
1049 2644 1256 2684 emendata
1277 2646 1508 2685 auctoritate
1527 2645 1633 2685 illius

112 2710 440 2763 comprobantur:
472 2708 556 2751 465
577 2711 769 2760 Scironis,
801 2709 887 2751 470
906 2724 928 2750 e
951 2715 1093 2762 fluctu,
1125 2710 1206 2752 511
1224 2715 1349 2762 slavo,
1381 2710 1467 2752 520
1481 2725 1627 2763 poena,

112 2774 194 2816 533
232 2783 274 2818 ut
311 2781 353 2818 in
391 2779 594 2823 nemerim
633 2780 672 2818 in
711 2779 936 2818 Basileensz·
965 2778 1010 2830 (ε)
1043 2779 1146 2818 redit
1182 2791 1217 2818 V.
1246 2777 1330 2819 463
1361 2782 1529 2820 isthmon
1540 2796 1554 2826 ,·
1591 2783 1630 2820 in

115 2845 289 2900 margine
334 2852 439 2887 extat
479 2846 646 2887 feliciter
690 2851 912 2887 correctum
958 2846 1060 2900 quod
1098 2847 1140 2886 in
1176 2851 1284 2887 textu
1315 2848 1400 2887 Lea
1437 2848 1631 2903 praebent
