<?xml version="1.0" encoding="UTF-8"?>
<!DOCTYPE html PUBLIC "-//W3C//DTD XHTML 1.0 Transitional//EN"
    "http://www.w3.org/TR/xhtml1/DTD/xhtml1-transitional.dtd">
<html xmlns="http://www.w3.org/1999/xhtml" xml:lang="en" lang="en">
 <head>
  <title>
</title>
<meta http-equiv="Content-Type" content="text/html;charset=utf-8" />
  <meta name='ocr-system' content='tesseract 3.04.00' />
  <meta name='ocr-capabilities' content='ocr_page ocr_carea ocr_par ocr_line ocrx_word'/>
</head>
<body>
  <div class='ocr_page' id='page_1' title='image "./operavirg04virguoft_0215.png"; bbox 0 0 1884 3126; ppageno 0'>
   <div class='ocr_carea' id='block_1_1' title="bbox 767 154 1666 196">
    <p class='ocr_par' dir='ltr' id='par_1_1' title="bbox 767 154 1666 196">
     <span class='ocr_line' id='line_1_1' title="bbox 767 154 1666 196; baseline 0.004 -5"><span class='ocrx_word' id='word_1_1' title='bbox 767 165 988 192; x_wconf 69' lang='lat' dir='ltr'>MAECENAS</span> <span class='ocrx_word' id='word_1_2' title='bbox 1011 167 1037 192; x_wconf 91' lang='lat'>1.</span> <span class='ocrx_word' id='word_1_3' title='bbox 1586 154 1666 196; x_wconf 81' lang='lat'>195</span> 
     </span>
    </p>
   </div>
   <div class='ocr_carea' id='block_1_2' title="bbox 232 277 1665 1432">
    <p class='ocr_par' dir='ltr' id='par_1_2' title="bbox 232 277 1665 1432">
     <span class='ocr_line' id='line_1_2' title="bbox 311 277 1665 330; baseline 0.001 -15"><span class='ocrx_word' id='word_1_4' title='bbox 311 278 397 328; x_wconf 85' lang='lat' dir='ltr'>quis</span> <span class='ocrx_word' id='word_1_5' title='bbox 429 277 556 328; x_wconf 87' lang='lat' dir='ltr'>tetigit</span> <span class='ocrx_word' id='word_1_6' title='bbox 586 277 694 317; x_wconf 80' lang='lat' dir='ltr'>ferro</span> <span class='ocrx_word' id='word_1_7' title='bbox 724 277 860 318; x_wconf 89' lang='lat' dir='ltr'>durior</span> <span class='ocrx_word' id='word_1_8' title='bbox 890 278 976 330; x_wconf 88' lang='lat' dir='ltr'>ipse</span> <span class='ocrx_word' id='word_1_9' title='bbox 1007 278 1130 316; x_wconf 73' lang='lat' dir='ltr'>latus?</span> <span class='ocrx_word' id='word_1_10' title='bbox 1611 283 1665 318; x_wconf 78' lang='lat'>30</span> 
     </span>
     <span class='ocr_line' id='line_1_3' title="bbox 254 350 1663 401; baseline 0.001 -12"><span class='ocrx_word' id='word_1_11' title='bbox 254 350 347 401; x_wconf 90' lang='lat' dir='ltr'>quid</span> <span class='ocrx_word' id='word_1_12' title='bbox 379 350 552 390; x_wconf 78' lang='lat' dir='ltr'>faceret?</span> <span class='ocrx_word' id='word_1_13' title='bbox 583 350 790 391; x_wconf 74' lang='lat' dir='ltr'>defunctus</span> <span class='ocrx_word' id='word_1_14' title='bbox 821 356 905 391; x_wconf 83' lang='lat' dir='ltr'>crat</span> <span class='ocrx_word' id='word_1_15' title='bbox 935 362 1070 390; x_wconf 82' lang='lat' dir='ltr'>comes</span> <span class='ocrx_word' id='word_1_16' title='bbox 1100 351 1254 401; x_wconf 84' lang='lat' dir='ltr'>inpiger</span> <span class='ocrx_word' id='word_1_17' title='bbox 1285 350 1387 390; x_wconf 88' lang='lat' dir='ltr'>idem</span> <span class='ocrx_word' id='word_1_18' title='bbox 1611 356 1663 391; x_wconf 74' lang='lat'>39</span> 
     </span>
     <span class='ocr_line' id='line_1_4' title="bbox 310 422 1158 476; baseline -0.001 -14"><span class='ocrx_word' id='word_1_19' title='bbox 310 422 423 463; x_wconf 88' lang='lat' dir='ltr'>miles</span> <span class='ocrx_word' id='word_1_20' title='bbox 453 429 493 463; x_wconf 90' lang='lat' dir='ltr'>ct</span> <span class='ocrx_word' id='word_1_21' title='bbox 522 425 686 476; x_wconf 82' lang='lat' dir='ltr'><strong>Augusti</strong></span> <span class='ocrx_word' id='word_1_22' title='bbox 716 425 871 468; x_wconf 78' lang='lat' dir='ltr'>sortiter</span> <span class='ocrx_word' id='word_1_23' title='bbox 900 435 1025 475; x_wconf 87' lang='lat' dir='ltr'>usque</span> <span class='ocrx_word' id='word_1_24' title='bbox 1055 424 1158 476; x_wconf 85' lang='lat' dir='ltr'>pius.</span> 
     </span>
     <span class='ocr_line' id='line_1_5' title="bbox 253 495 1035 549; baseline 0.001 -14"><span class='ocrx_word' id='word_1_25' title='bbox 253 495 360 536; x_wconf 89' lang='lat' dir='ltr'>illum</span> <span class='ocrx_word' id='word_1_26' title='bbox 393 497 539 549; x_wconf 85' lang='lat' dir='ltr'>piscosi</span> <span class='ocrx_word' id='word_1_27' title='bbox 567 497 752 538; x_wconf 80' lang='lat' dir='ltr'>viderunt</span> <span class='ocrx_word' id='word_1_28' title='bbox 780 510 871 538; x_wconf 86' lang='lat' dir='ltr'>saxa</span> <span class='ocrx_word' id='word_1_29' title='bbox 903 496 1035 537; x_wconf 83' lang='lat' dir='ltr'>Pelori</span> 
     </span>
     <span class='ocr_line' id='line_1_6' title="bbox 307 569 1127 622; baseline 0.001 -13"><span class='ocrx_word' id='word_1_30' title='bbox 307 569 467 622; x_wconf 81' lang='lat' dir='ltr'>ignibus</span> <span class='ocrx_word' id='word_1_31' title='bbox 498 570 652 611; x_wconf 87' lang='lat' dir='ltr'>hostilis</span> <span class='ocrx_word' id='word_1_32' title='bbox 682 571 851 611; x_wconf 80' lang='lat' dir='ltr'>reddere</span> <span class='ocrx_word' id='word_1_33' title='bbox 882 570 988 622; x_wconf 84' lang='lat' dir='ltr'>ligna</span> <span class='ocrx_word' id='word_1_34' title='bbox 1019 572 1127 610; x_wconf 86' lang='lat' dir='ltr'>ratis.</span> 
     </span>
     <span class='ocr_line' id='line_1_7' title="bbox 252 643 1251 696; baseline -0.002 -12"><span class='ocrx_word' id='word_1_35' title='bbox 252 644 413 696; x_wconf 87' lang='lat' dir='ltr'>pulvere</span> <span class='ocrx_word' id='word_1_36' title='bbox 442 645 483 684; x_wconf 92' lang='lat' dir='ltr'>in</span> <span class='ocrx_word' id='word_1_37' title='bbox 513 643 694 684; x_wconf 80' lang='lat' dir='ltr'>Emathio</span> <span class='ocrx_word' id='word_1_38' title='bbox 724 645 866 684; x_wconf 83' lang='lat' dir='ltr'>sortem</span> <span class='ocrx_word' id='word_1_39' title='bbox 897 644 1032 684; x_wconf 85' lang='lat' dir='ltr'>videre</span> <span class='ocrx_word' id='word_1_40' title='bbox 1062 643 1251 696; x_wconf 85' lang='lat' dir='ltr'>Philippi:</span> 
     </span>
     <span class='ocr_line' id='line_1_8' title="bbox 307 716 1377 771; baseline -0.001 -14"><span class='ocrx_word' id='word_1_41' title='bbox 307 730 423 770; x_wconf 89' lang='lat' dir='ltr'>quam</span> <span class='ocrx_word' id='word_1_42' title='bbox 454 722 546 757; x_wconf 90' lang='lat' dir='ltr'>tunc</span> <span class='ocrx_word' id='word_1_43' title='bbox 575 717 641 758; x_wconf 88' lang='lat' dir='ltr'>ille</span> <span class='ocrx_word' id='word_1_44' title='bbox 671 722 784 758; x_wconf 90' lang='lat' dir='ltr'>tener</span> <span class='ocrx_word' id='word_1_45' title='bbox 814 730 930 771; x_wconf 90' lang='lat' dir='ltr'>quam</span> <span class='ocrx_word' id='word_1_46' title='bbox 962 718 1090 769; x_wconf 86' lang='lat' dir='ltr'>gravis</span> <span class='ocrx_word' id='word_1_47' title='bbox 1120 716 1245 756; x_wconf 88' lang='lat' dir='ltr'>hostis</span> <span class='ocrx_word' id='word_1_48' title='bbox 1276 718 1377 756; x_wconf 86' lang='lat' dir='ltr'>erat!</span> 
     </span>
     <span class='ocr_line' id='line_1_9' title="bbox 252 791 1662 835; baseline 0.001 -5"><span class='ocrx_word' id='word_1_49' title='bbox 252 803 340 831; x_wconf 89' lang='lat' dir='ltr'>cum</span> <span class='ocrx_word' id='word_1_50' title='bbox 372 792 472 831; x_wconf 78' lang='lat' dir='ltr'>freta</span> <span class='ocrx_word' id='word_1_51' title='bbox 503 791 679 832; x_wconf 77' lang='lat' dir='ltr'>Niliacae</span> <span class='ocrx_word' id='word_1_52' title='bbox 709 797 895 832; x_wconf 87' lang='lat' dir='ltr'>texerunt</span> <span class='ocrx_word' id='word_1_53' title='bbox 925 791 1001 831; x_wconf 84' lang='lat' dir='ltr'>lata</span> <span class='ocrx_word' id='word_1_54' title='bbox 1032 792 1203 835; x_wconf 85' lang='lat' dir='ltr'>carinae,</span> <span class='ocrx_word' id='word_1_55' title='bbox 1609 794 1662 831; x_wconf 83' lang='lat'>45</span> 
     </span>
     <span class='ocr_line' id='line_1_10' title="bbox 306 865 1256 910; baseline -0.001 -6"><span class='ocrx_word' id='word_1_56' title='bbox 306 865 420 904; x_wconf 80' lang='lat' dir='ltr'>fortis</span> <span class='ocrx_word' id='word_1_57' title='bbox 451 870 536 905; x_wconf 83' lang='lat' dir='ltr'>erat</span> <span class='ocrx_word' id='word_1_58' title='bbox 566 866 738 910; x_wconf 88' lang='lat' dir='ltr'>circum,</span> <span class='ocrx_word' id='word_1_59' title='bbox 771 866 882 905; x_wconf 80' lang='lat' dir='ltr'>fortis</span> <span class='ocrx_word' id='word_1_60' title='bbox 913 871 951 904; x_wconf 90' lang='lat' dir='ltr'>et</span> <span class='ocrx_word' id='word_1_61' title='bbox 981 870 1071 904; x_wconf 90' lang='lat' dir='ltr'>ante</span> <span class='ocrx_word' id='word_1_62' title='bbox 1102 865 1256 909; x_wconf 87' lang='lat' dir='ltr'>ducem,</span> 
     </span>
     <span class='ocr_line' id='line_1_11' title="bbox 250 938 1051 991; baseline 0 -13"><span class='ocrx_word' id='word_1_63' title='bbox 250 938 382 978; x_wconf 86' lang='lat' dir='ltr'>militis</span> <span class='ocrx_word' id='word_1_64' title='bbox 413 939 484 979; x_wconf 92' lang='lat' dir='ltr'>Eoi</span> <span class='ocrx_word' id='word_1_65' title='bbox 515 939 704 990; x_wconf 80' lang='lat' dir='ltr'>fugientia</span> <span class='ocrx_word' id='word_1_66' title='bbox 737 945 847 991; x_wconf 84' lang='lat' dir='ltr'>terga</span> <span class='ocrx_word' id='word_1_67' title='bbox 877 944 1051 986; x_wconf 83' lang='lat' dir='ltr'>secutus,</span> 
     </span>
     <span class='ocr_line' id='line_1_12' title="bbox 232 1011 1161 1064; baseline -0.001 -13"><span class='ocrx_word' id='word_1_68' title='bbox 232 1046 235 1051; x_wconf 95' lang='grc'><em>,</em></span> <span class='ocrx_word' id='word_1_69' title='bbox 306 1013 467 1052; x_wconf 90' lang='lat' dir='ltr'>territus</span> <span class='ocrx_word' id='word_1_70' title='bbox 498 1012 544 1051; x_wconf 92' lang='lat' dir='ltr'>ad</span> <span class='ocrx_word' id='word_1_71' title='bbox 577 1012 650 1051; x_wconf 87' lang='lat' dir='ltr'>Nili</span> <span class='ocrx_word' id='word_1_72' title='bbox 681 1013 774 1052; x_wconf 90' lang='lat' dir='ltr'>dum</span> <span class='ocrx_word' id='word_1_73' title='bbox 806 1013 906 1064; x_wconf 83' lang='lat' dir='ltr'>sugit</span> <span class='ocrx_word' id='word_1_74' title='bbox 935 1011 1001 1052; x_wconf 90' lang='lat' dir='ltr'>ille</span> <span class='ocrx_word' id='word_1_75' title='bbox 1032 1017 1161 1064; x_wconf 81' lang='lat' dir='ltr'>caput.</span> 
     </span>
     <span class='ocr_line' id='line_1_13' title="bbox 250 1084 1199 1136; baseline 0 -13"><span class='ocrx_word' id='word_1_76' title='bbox 250 1097 323 1136; x_wconf 85' lang='lat' dir='ltr'>pax</span> <span class='ocrx_word' id='word_1_77' title='bbox 354 1091 458 1125; x_wconf 89' lang='lat' dir='ltr'>crat:</span> <span class='ocrx_word' id='word_1_78' title='bbox 492 1086 590 1125; x_wconf 89' lang='lat' dir='ltr'>baec</span> <span class='ocrx_word' id='word_1_79' title='bbox 621 1085 709 1125; x_wconf 92' lang='lat' dir='ltr'>illos</span> <span class='ocrx_word' id='word_1_80' title='bbox 738 1085 920 1125; x_wconf 88' lang='lat' dir='ltr'>laxarunt</span> <span class='ocrx_word' id='word_1_81' title='bbox 949 1086 1028 1125; x_wconf 90' lang='lat' dir='ltr'>otia</span> <span class='ocrx_word' id='word_1_82' title='bbox 1058 1084 1199 1125; x_wconf 78' lang='lat' dir='ltr'>cultus.</span> 
     </span>
     <span class='ocr_line' id='line_1_14' title="bbox 305 1158 1664 1200; baseline 0.001 -2"><span class='ocrx_word' id='word_1_83' title='bbox 305 1160 436 1198; x_wconf 81' lang='lat' dir='ltr'>omnia</span> <span class='ocrx_word' id='word_1_84' title='bbox 467 1160 636 1199; x_wconf 82' lang='lat' dir='ltr'>victores</span> <span class='ocrx_word' id='word_1_85' title='bbox 666 1159 791 1199; x_wconf 86' lang='lat' dir='ltr'>Marte</span> <span class='ocrx_word' id='word_1_86' title='bbox 821 1159 984 1199; x_wconf 84' lang='lat' dir='ltr'>sedente</span> <span class='ocrx_word' id='word_1_87' title='bbox 1016 1158 1168 1198; x_wconf 88' lang='lat' dir='ltr'>decent.</span> <span class='ocrx_word' id='word_1_88' title='bbox 1608 1164 1664 1200; x_wconf 87' lang='grc'>50</span> 
     </span>
     <span class='ocr_line' id='line_1_15' title="bbox 247 1232 1263 1285; baseline -0.001 -14"><span class='ocrx_word' id='word_1_89' title='bbox 247 1233 382 1271; x_wconf 83' lang='lat' dir='ltr'>Actius</span> <span class='ocrx_word' id='word_1_90' title='bbox 413 1233 498 1284; x_wconf 91' lang='lat' dir='ltr'>ipse</span> <span class='ocrx_word' id='word_1_91' title='bbox 529 1232 654 1284; x_wconf 81' lang='lat' dir='ltr'>lyram</span> <span class='ocrx_word' id='word_1_92' title='bbox 685 1232 838 1285; x_wconf 84' lang='lat' dir='ltr'>plectro</span> <span class='ocrx_word' id='word_1_93' title='bbox 869 1233 1067 1285; x_wconf 80' lang='lat' dir='ltr'>percussit</span> <span class='ocrx_word' id='word_1_94' title='bbox 1098 1232 1263 1279; x_wconf 84' lang='lat' dir='ltr'>eburno,</span> 
     </span>
     <span class='ocr_line' id='line_1_16' title="bbox 301 1305 1127 1357; baseline 0 -13"><span class='ocrx_word' id='word_1_95' title='bbox 301 1316 492 1357; x_wconf 79' lang='lat' dir='ltr'>posquam</span> <span class='ocrx_word' id='word_1_96' title='bbox 524 1307 707 1345; x_wconf 90' lang='lat' dir='ltr'>victrices</span> <span class='ocrx_word' id='word_1_97' title='bbox 737 1307 966 1346; x_wconf 81' lang='lat' dir='ltr'>conticuere</span> <span class='ocrx_word' id='word_1_98' title='bbox 997 1305 1127 1346; x_wconf 88' lang='lat' dir='ltr'>tubae.</span> 
     </span>
     <span class='ocr_line' id='line_1_17' title="bbox 246 1378 1659 1432; baseline 0.001 -15"><span class='ocrx_word' id='word_1_99' title='bbox 246 1378 310 1418; x_wconf 89' lang='lat' dir='ltr'>hic</span> <span class='ocrx_word' id='word_1_100' title='bbox 341 1378 416 1418; x_wconf 84' lang='lat' dir='ltr'>tela</span> <span class='ocrx_word' id='word_1_101' title='bbox 445 1380 485 1418; x_wconf 89' lang='lat' dir='ltr'>in</span> <span class='ocrx_word' id='word_1_102' title='bbox 516 1379 703 1431; x_wconf 78' lang='lat' dir='ltr'>profugos</span> <span class='ocrx_word' id='word_1_103' title='bbox 735 1379 898 1432; x_wconf 81' lang='lat' dir='ltr'>(tantum</span> <span class='ocrx_word' id='word_1_104' title='bbox 931 1384 1160 1419; x_wconf 81' lang='lat' dir='ltr'>curvaverat</span> <span class='ocrx_word' id='word_1_105' title='bbox 1191 1380 1340 1432; x_wconf 85' lang='lat' dir='ltr'>arcum)</span> <span class='ocrx_word' id='word_1_106' title='bbox 1607 1383 1659 1419; x_wconf 85' lang='lat'>55</span> 
     </span>
    </p>
   </div>
   <div class='ocr_carea' id='block_1_3' title="bbox 247 1563 1660 1639">
    <p class='ocr_par' dir='ltr' id='par_1_3' title="bbox 247 1563 1660 1639">
     <span class='ocr_line' id='line_1_18' title="bbox 247 1563 1660 1639; baseline 0 -11"><span class='ocrx_word' id='word_1_107' title='bbox 247 1590 300 1628; x_wconf 89' lang='lat'>30</span> <span class='ocrx_word' id='word_1_108' title='bbox 330 1563 421 1639; x_wconf 51' lang='lat' dir='ltr'>&amp;fga</span> <span class='ocrx_word' id='word_1_109' title='bbox 451 1589 495 1624; x_wconf 83' lang='lat' dir='ltr'>H</span> <span class='ocrx_word' id='word_1_110' title='bbox 577 1571 731 1629; x_wconf 52' lang='lat' dir='ltr'>duride</span> <span class='ocrx_word' id='word_1_111' title='bbox 847 1590 1012 1628; x_wconf 80' lang='lat'>39—56</span> <span class='ocrx_word' id='word_1_112' title='bbox 1043 1591 1106 1627; x_wconf 64' lang='lat' dir='ltr'>hic</span> <span class='ocrx_word' id='word_1_113' title='bbox 1135 1593 1290 1627; x_wconf 64' lang='lat' dir='ltr'>inserui.</span> <span class='ocrx_word' id='word_1_114' title='bbox 1401 1591 1453 1628; x_wconf 87' lang='lat'>39</span> <span class='ocrx_word' id='word_1_115' title='bbox 1486 1591 1601 1628; x_wconf 67' lang='lat' dir='ltr'>facere</span> <span class='ocrx_word' id='word_1_116' title='bbox 1626 1592 1660 1627; x_wconf 77' lang='lat' dir='ltr'><em>B</em></span> 
     </span>
    </p>
   </div>
   <div class='ocr_carea' id='block_1_4' title="bbox 132 1655 1696 1898">
    <p class='ocr_par' dir='ltr' id='par_1_4' title="bbox 132 1655 1696 1898">
     <span class='ocr_line' id='line_1_19' title="bbox 216 1655 1663 1730; baseline 0.001 -14"><span class='ocrx_word' id='word_1_117' title='bbox 216 1681 359 1729; x_wconf 77' lang='lat' dir='ltr'>integer</span> <span class='ocrx_word' id='word_1_118' title='bbox 393 1680 466 1717; x_wconf 89' lang='lat' dir='ltr'>HR</span> <span class='ocrx_word' id='word_1_119' title='bbox 498 1655 588 1729; x_wconf 53' lang='lat' dir='ltr'>inge*</span> <span class='ocrx_word' id='word_1_120' title='bbox 615 1683 627 1716; x_wconf 86' lang='lat' dir='ltr'><em>l</em></span> <span class='ocrx_word' id='word_1_121' title='bbox 728 1679 784 1718; x_wconf 88' lang='lat'>40</span> <span class='ocrx_word' id='word_1_122' title='bbox 813 1679 926 1725; x_wconf 76' lang='lat' dir='ltr'>Milles</span> <span class='ocrx_word' id='word_1_123' title='bbox 948 1680 984 1716; x_wconf 91' lang='lat' dir='ltr'><em>R</em></span> <span class='ocrx_word' id='word_1_124' title='bbox 1071 1681 1192 1717; x_wconf 87' lang='lat' dir='ltr'>Militia</span> <span class='ocrx_word' id='word_1_125' title='bbox 1214 1681 1397 1718; x_wconf 77' lang='lat' dir='ltr'>Heinsius</span> <span class='ocrx_word' id='word_1_126' title='bbox 1484 1683 1663 1730; x_wconf 84' lang='lat' dir='ltr'>angustil</span> 
     </span>
     <span class='ocr_line' id='line_1_20' title="bbox 216 1736 1659 1786; baseline 0.001 -14"><span class='ocrx_word' id='word_1_127' title='bbox 216 1736 322 1773; x_wconf 83' lang='lat' dir='ltr'>fortis</span> <span class='ocrx_word' id='word_1_128' title='bbox 361 1742 396 1773; x_wconf 89' lang='lat' dir='ltr'>et</span> <span class='ocrx_word' id='word_1_129' title='bbox 434 1747 548 1784; x_wconf 89' lang='lat' dir='ltr'>usque</span> <span class='ocrx_word' id='word_1_130' title='bbox 587 1739 695 1785; x_wconf 75' lang='lat' dir='ltr'>vulqo</span> <span class='ocrx_word' id='word_1_131' title='bbox 734 1736 813 1784; x_wconf 84' lang='lat' dir='ltr'>(ubi</span> <span class='ocrx_word' id='word_1_132' title='bbox 844 1739 1054 1784; x_wconf 54' lang='lat' dir='ltr'>primum&amp;</span> <span class='ocrx_word' id='word_1_133' title='bbox 1095 1737 1215 1774; x_wconf 83' lang='lat' dir='ltr'>Martis</span> <span class='ocrx_word' id='word_1_134' title='bbox 1254 1744 1289 1774; x_wconf 89' lang='lat' dir='ltr'>et</span> <span class='ocrx_word' id='word_1_135' title='bbox 1327 1749 1441 1786; x_wconf 86' lang='lat' dir='ltr'>usquc</span> <span class='ocrx_word' id='word_1_136' title='bbox 1474 1737 1659 1774; x_wconf 77' lang='lat' dir='ltr'>Heinsius</span> 
     </span>
     <span class='ocr_line' id='line_1_21' title="bbox 213 1792 1696 1842; baseline 0.001 -13"><span class='ocrx_word' id='word_1_137' title='bbox 213 1793 428 1830; x_wconf 83' lang='lat' dir='ltr'>&#39;Structura</span> <span class='ocrx_word' id='word_1_138' title='bbox 472 1794 590 1829; x_wconf 76' lang='lat' dir='ltr'>haec.-</span> <span class='ocrx_word' id='word_1_139' title='bbox 631 1792 776 1829; x_wconf 85' lang='lat' dir='ltr'>fortiter</span> <span class='ocrx_word' id='word_1_140' title='bbox 813 1792 1005 1830; x_wconf 77' lang='lat' dir='ltr'>defunctus</span> <span class='ocrx_word' id='word_1_141' title='bbox 1043 1799 1119 1830; x_wconf 85' lang='lat' dir='ltr'>erat</span> <span class='ocrx_word' id='word_1_142' title='bbox 1156 1793 1248 1829; x_wconf 89' lang='lat' dir='ltr'>idem</span> <span class='ocrx_word' id='word_1_143' title='bbox 1287 1805 1407 1830; x_wconf 88' lang='lat' dir='ltr'>comes</span> <span class='ocrx_word' id='word_1_144' title='bbox 1445 1795 1588 1842; x_wconf 80' lang='lat' dir='ltr'>inpiger</span> <span class='ocrx_word' id='word_1_145' title='bbox 1624 1799 1659 1830; x_wconf 88' lang='lat' dir='ltr'>et</span> <span class='ocrx_word' id='word_1_146' title='bbox 1691 1810 1696 1814; x_wconf 86' lang='lat'>·</span> 
     </span>
     <span class='ocr_line' id='line_1_22' title="bbox 132 1849 1572 1898; baseline 0.001 -13"><span class='ocrx_word' id='word_1_147' title='bbox 132 1849 232 1886; x_wconf 86' lang='lat' dir='ltr'>miles</span> <span class='ocrx_word' id='word_1_148' title='bbox 262 1850 417 1898; x_wconf 77' lang='lat' dir='ltr'>Augusti</span> <span class='ocrx_word' id='word_1_149' title='bbox 447 1860 563 1897; x_wconf 90' lang='lat' dir='ltr'>usque</span> <span class='ocrx_word' id='word_1_150' title='bbox 593 1850 688 1898; x_wconf 88' lang='lat' dir='ltr'>pius.</span> <span class='ocrx_word' id='word_1_151' title='bbox 805 1849 857 1885; x_wconf 88' lang='grc'>41</span> <span class='ocrx_word' id='word_1_152' title='bbox 891 1850 1086 1886; x_wconf 84' lang='lat' dir='ltr'>uoluerunt</span> <span class='ocrx_word' id='word_1_153' title='bbox 1116 1852 1130 1886; x_wconf 88' lang='lat' dir='ltr'><em>l</em></span> <span class='ocrx_word' id='word_1_154' title='bbox 1160 1849 1355 1886; x_wconf 88' lang='lat' dir='ltr'>doluerunt</span> <span class='ocrx_word' id='word_1_155' title='bbox 1387 1850 1572 1887; x_wconf 82' lang='lat' dir='ltr'>Heinsius</span> 
     </span>
    </p>
   </div>
   <div class='ocr_carea' id='block_1_5' title="bbox 132 1899 1658 2056">
    <p class='ocr_par' dir='ltr' id='par_1_5' title="bbox 132 1899 1658 2056">
     <span class='ocr_line' id='line_1_23' title="bbox 132 1899 1655 1955; baseline 0.001 -13"><span class='ocrx_word' id='word_1_156' title='bbox 132 1906 238 1954; x_wconf 89' lang='lat' dir='ltr'>pilori</span> <span class='ocrx_word' id='word_1_157' title='bbox 267 1905 312 1942; x_wconf 88' lang='lat' dir='ltr'>H</span> <span class='ocrx_word' id='word_1_158' title='bbox 335 1906 455 1954; x_wconf 89' lang='lat' dir='ltr'>polori</span> <span class='ocrx_word' id='word_1_159' title='bbox 494 1905 530 1942; x_wconf 83' lang='lat' dir='ltr'><em>V</em></span> <span class='ocrx_word' id='word_1_160' title='bbox 656 1905 709 1942; x_wconf 83' lang='lat'>42</span> <span class='ocrx_word' id='word_1_161' title='bbox 742 1899 891 1942; x_wconf 83' lang='lat' dir='ltr'>hostiles</span> <span class='ocrx_word' id='word_1_162' title='bbox 923 1906 1005 1942; x_wconf 85' lang='grc' dir='ltr'>ΒΗ</span> <span class='ocrx_word' id='word_1_163' title='bbox 1015 1907 1079 1944; x_wconf 76' lang='lat' dir='ltr'>Vle</span> <span class='ocrx_word' id='word_1_164' title='bbox 1195 1906 1322 1943; x_wconf 90' lang='lat' dir='ltr'>redere</span> <span class='ocrx_word' id='word_1_165' title='bbox 1362 1907 1397 1944; x_wconf 83' lang='lat' dir='ltr'><em>V</em></span> <span class='ocrx_word' id='word_1_166' title='bbox 1420 1907 1572 1955; x_wconf 88' lang='lat' dir='ltr'>perdere</span> <span class='ocrx_word' id='word_1_167' title='bbox 1602 1907 1655 1944; x_wconf 90' lang='lat' dir='ltr'>Is.</span> 
     </span>
     <span class='ocr_line' id='line_1_24' title="bbox 142 1962 1658 2012; baseline 0.001 -13"><span class='ocrx_word' id='word_1_168' title='bbox 142 1963 295 1999; x_wconf 83' lang='lat' dir='ltr'>Vossius</span> <span class='ocrx_word' id='word_1_169' title='bbox 331 1962 463 1999; x_wconf 88' lang='lat' dir='ltr'>dedere</span> <span class='ocrx_word' id='word_1_170' title='bbox 500 1962 686 1999; x_wconf 82' lang='lat' dir='ltr'>Heinsius</span> <span class='ocrx_word' id='word_1_171' title='bbox 723 1962 865 1999; x_wconf 85' lang='lat' dir='ltr'>tradere</span> <span class='ocrx_word' id='word_1_172' title='bbox 905 1963 1082 2011; x_wconf 70' lang='lat' dir='ltr'>Scaliqer</span> <span class='ocrx_word' id='word_1_173' title='bbox 1204 1963 1327 2011; x_wconf 84' lang='lat' dir='ltr'>lingua</span> <span class='ocrx_word' id='word_1_174' title='bbox 1357 1965 1370 2000; x_wconf 86' lang='lat' dir='ltr'><em>l</em></span> <span class='ocrx_word' id='word_1_175' title='bbox 1409 1965 1508 2012; x_wconf 83' lang='lat' dir='ltr'>tigna</span> <span class='ocrx_word' id='word_1_176' title='bbox 1537 1962 1658 2000; x_wconf 88' lang='lat' dir='ltr'>Hein-</span> 
     </span>
     <span class='ocr_line' id='line_1_25' title="bbox 132 2018 1655 2056; baseline 0.001 -1"><span class='ocrx_word' id='word_1_177' title='bbox 132 2022 212 2056; x_wconf 84' lang='lat' dir='ltr'>sius</span> <span class='ocrx_word' id='word_1_178' title='bbox 243 2019 296 2055; x_wconf 81' lang='lat' dir='ltr'>ad</span> <span class='ocrx_word' id='word_1_179' title='bbox 328 2018 448 2056; x_wconf 78' lang='lat' dir='ltr'>Ovidii</span> <span class='ocrx_word' id='word_1_180' title='bbox 483 2023 631 2056; x_wconf 80' lang='lat' dir='ltr'>metam.</span> <span class='ocrx_word' id='word_1_181' title='bbox 665 2018 739 2054; x_wconf 83' lang='lat' dir='ltr'>xlv</span> <span class='ocrx_word' id='word_1_182' title='bbox 770 2018 852 2056; x_wconf 88' lang='lat'>534</span> <span class='ocrx_word' id='word_1_183' title='bbox 980 2025 1074 2055; x_wconf 87' lang='lat' dir='ltr'>rates</span> <span class='ocrx_word' id='word_1_184' title='bbox 1117 2019 1182 2056; x_wconf 78' lang='lat' dir='ltr'>Vle</span> <span class='ocrx_word' id='word_1_185' title='bbox 1298 2020 1439 2055; x_wconf 87' lang='lat' dir='ltr'>hostilis</span> <span class='ocrx_word' id='word_1_186' title='bbox 1470 2020 1558 2055; x_wconf 85' lang='lat' dir='ltr'>ratis</span> <span class='ocrx_word' id='word_1_187' title='bbox 1590 2031 1655 2056; x_wconf 85' lang='lat' dir='ltr'>ae-</span> 
     </span>
    </p>
   </div>
   <div class='ocr_carea' id='block_1_6' title="bbox 131 2075 1659 2377">
    <p class='ocr_par' dir='ltr' id='par_1_6' title="bbox 132 2075 1658 2124">
     <span class='ocr_line' id='line_1_26' title="bbox 132 2075 1658 2124; baseline 0.001 -13"><span class='ocrx_word' id='word_1_188' title='bbox 132 2077 294 2112; x_wconf 76' lang='lat' dir='ltr'>cusativi</span> <span class='ocrx_word' id='word_1_189' title='bbox 333 2077 501 2122; x_wconf 80' lang='lat' dir='ltr'>pluralis</span> <span class='ocrx_word' id='word_1_190' title='bbox 543 2080 632 2112; x_wconf 83' lang='lat' dir='ltr'>sunt</span> <span class='ocrx_word' id='word_1_191' title='bbox 670 2078 858 2112; x_wconf 81' lang='lat' dir='ltr'>sententia</span> <span class='ocrx_word' id='word_1_192' title='bbox 897 2077 990 2112; x_wconf 76' lang='lat' dir='ltr'>liae:</span> <span class='ocrx_word' id='word_1_193' title='bbox 1031 2075 1180 2111; x_wconf 84' lang='lat' dir='ltr'>hostiles</span> <span class='ocrx_word' id='word_1_194' title='bbox 1218 2081 1312 2112; x_wconf 86' lang='lat' dir='ltr'>rates</span> <span class='ocrx_word' id='word_1_195' title='bbox 1353 2081 1392 2111; x_wconf 91' lang='lat' dir='ltr'>ut</span> <span class='ocrx_word' id='word_1_196' title='bbox 1429 2075 1527 2124; x_wconf 82' lang='lat' dir='ltr'>ligna</span> <span class='ocrx_word' id='word_1_197' title='bbox 1563 2077 1658 2124; x_wconf 82' lang='lat' dir='ltr'>igni—</span> 
     </span>
    </p>

    <p class='ocr_par' dir='ltr' id='par_1_7' title="bbox 131 2130 1659 2180">
     <span class='ocr_line' id='line_1_27' title="bbox 131 2130 1659 2180; baseline 0 -13"><span class='ocrx_word' id='word_1_198' title='bbox 131 2130 197 2167; x_wconf 86' lang='lat' dir='ltr'>bus</span> <span class='ocrx_word' id='word_1_199' title='bbox 228 2131 357 2180; x_wconf 89' lang='lat' dir='ltr'>quibus</span> <span class='ocrx_word' id='word_1_200' title='bbox 387 2130 583 2168; x_wconf 86' lang='lat' dir='ltr'>debeantur</span> <span class='ocrx_word' id='word_1_201' title='bbox 613 2131 766 2168; x_wconf 81' lang='lat' dir='ltr'>tradere.</span> <span class='ocrx_word' id='word_1_202' title='bbox 870 2131 924 2168; x_wconf 85' lang='lat'>43</span> <span class='ocrx_word' id='word_1_203' title='bbox 956 2132 1130 2167; x_wconf 89' lang='lat' dir='ltr'>aemathio</span> <span class='ocrx_word' id='word_1_204' title='bbox 1153 2141 1173 2169; x_wconf 87' lang='grc' dir='ltr'>ε</span> <span class='ocrx_word' id='word_1_205' title='bbox 1275 2131 1330 2167; x_wconf 89' lang='lat'>44</span> <span class='ocrx_word' id='word_1_206' title='bbox 1361 2131 1444 2167; x_wconf 89' lang='lat' dir='ltr'>Tam</span> <span class='ocrx_word' id='word_1_207' title='bbox 1468 2132 1504 2168; x_wconf 93' lang='lat' dir='ltr'>B</span> <span class='ocrx_word' id='word_1_208' title='bbox 1533 2131 1604 2167; x_wconf 88' lang='lat' dir='ltr'>lam</span> <span class='ocrx_word' id='word_1_209' title='bbox 1630 2132 1659 2168; x_wconf 92' lang='lat' dir='ltr'><strong><em>S</em></strong></span> 
     </span>
    </p>

    <p class='ocr_par' dir='ltr' id='par_1_8' title="bbox 213 2187 1658 2236">
     <span class='ocr_line' id='line_1_28' title="bbox 213 2187 1658 2236; baseline -0.001 -12"><span class='ocrx_word' id='word_1_210' title='bbox 213 2199 310 2224; x_wconf 89' lang='lat' dir='ltr'>nunc</span> <span class='ocrx_word' id='word_1_211' title='bbox 338 2187 449 2224; x_wconf 88' lang='lat' dir='ltr'>BHS</span> <span class='ocrx_word' id='word_1_212' title='bbox 533 2188 643 2232; x_wconf 88' lang='lat' dir='ltr'>Quam</span> <span class='ocrx_word' id='word_1_213' title='bbox 683 2193 786 2224; x_wconf 86' lang='lat' dir='ltr'>tener</span> <span class='ocrx_word' id='word_1_214' title='bbox 824 2189 883 2225; x_wconf 90' lang='lat' dir='ltr'>ille</span> <span class='ocrx_word' id='word_1_215' title='bbox 923 2188 993 2224; x_wconf 86' lang='lat' dir='ltr'>suit</span> <span class='ocrx_word' id='word_1_216' title='bbox 1024 2197 1044 2226; x_wconf 85' lang='grc' dir='ltr'>ε</span> <span class='ocrx_word' id='word_1_217' title='bbox 1140 2187 1191 2223; x_wconf 90' lang='lat' dir='ltr'>illi</span> <span class='ocrx_word' id='word_1_218' title='bbox 1234 2188 1266 2224; x_wconf 80' lang='lat' dir='ltr'><em>V</em></span> <span class='ocrx_word' id='word_1_219' title='bbox 1350 2199 1454 2236; x_wconf 80' lang='lat' dir='ltr'>quan]</span> <span class='ocrx_word' id='word_1_220' title='bbox 1484 2187 1547 2224; x_wconf 86' lang='lat' dir='ltr'>Ra</span> <span class='ocrx_word' id='word_1_221' title='bbox 1589 2194 1658 2224; x_wconf 84' lang='lat' dir='ltr'>tam</span> 
     </span>
    </p>

    <p class='ocr_par' dir='ltr' id='par_1_9' title="bbox 131 2243 1659 2293">
     <span class='ocr_line' id='line_1_29' title="bbox 131 2243 1659 2293; baseline 0 -13"><span class='ocrx_word' id='word_1_222' title='bbox 131 2244 209 2280; x_wconf 87' lang='lat' dir='ltr'>BH</span> <span class='ocrx_word' id='word_1_223' title='bbox 222 2245 289 2283; x_wconf 79' lang='lat' dir='ltr'>Vle</span> <span class='ocrx_word' id='word_1_224' title='bbox 320 2249 396 2280; x_wconf 85' lang='lat' dir='ltr'>tum</span> <span class='ocrx_word' id='word_1_225' title='bbox 417 2244 447 2281; x_wconf 91' lang='lat' dir='ltr'><strong><em>S</em></strong></span> <span class='ocrx_word' id='word_1_226' title='bbox 559 2245 697 2293; x_wconf 86' lang='lat' dir='ltr'>grauim</span> <span class='ocrx_word' id='word_1_227' title='bbox 719 2243 764 2279; x_wconf 87' lang='lat' dir='ltr'>H</span> <span class='ocrx_word' id='word_1_228' title='bbox 867 2244 1062 2281; x_wconf 80' lang='lat' dir='ltr'>Sententia</span> <span class='ocrx_word' id='word_1_229' title='bbox 1093 2245 1212 2280; x_wconf 77' lang='lat' dir='ltr'>Ilaec.-</span> <span class='ocrx_word' id='word_1_230' title='bbox 1242 2255 1347 2292; x_wconf 86' lang='lat' dir='ltr'>quam</span> <span class='ocrx_word' id='word_1_231' title='bbox 1380 2250 1465 2280; x_wconf 89' lang='lat' dir='ltr'>tunc</span> <span class='ocrx_word' id='word_1_232' title='bbox 1493 2244 1564 2285; x_wconf 89' lang='lat' dir='ltr'>ille,</span> <span class='ocrx_word' id='word_1_233' title='bbox 1598 2245 1659 2292; x_wconf 91' lang='lat' dir='ltr'>qui</span> 
     </span>
    </p>

    <p class='ocr_par' dir='ltr' id='par_1_10' title="bbox 131 2299 1656 2377">
     <span class='ocr_line' id='line_1_30' title="bbox 131 2299 1656 2348; baseline 0 -11"><span class='ocrx_word' id='word_1_234' title='bbox 131 2307 232 2338; x_wconf 86' lang='lat' dir='ltr'>tener</span> <span class='ocrx_word' id='word_1_235' title='bbox 270 2300 354 2337; x_wconf 86' lang='lat' dir='ltr'>alias</span> <span class='ocrx_word' id='word_1_236' title='bbox 391 2299 592 2342; x_wconf 83' lang='lat' dir='ltr'>dicebatur,</span> <span class='ocrx_word' id='word_1_237' title='bbox 640 2301 757 2348; x_wconf 84' lang='lat' dir='ltr'>gravis</span> <span class='ocrx_word' id='word_1_238' title='bbox 797 2301 914 2336; x_wconf 85' lang='lat' dir='ltr'>hostis</span> <span class='ocrx_word' id='word_1_239' title='bbox 953 2300 1047 2337; x_wconf 79' lang='lat' dir='ltr'>erat!</span> <span class='ocrx_word' id='word_1_240' title='bbox 1193 2299 1246 2337; x_wconf 89' lang='lat'>45</span> <span class='ocrx_word' id='word_1_241' title='bbox 1277 2300 1346 2336; x_wconf 91' lang='lat' dir='ltr'>leta</span> <span class='ocrx_word' id='word_1_242' title='bbox 1384 2299 1468 2336; x_wconf 92' lang='lat' dir='ltr'>BH</span> <span class='ocrx_word' id='word_1_243' title='bbox 1499 2300 1592 2337; x_wconf 88' lang='lat' dir='ltr'>laeta</span> <span class='ocrx_word' id='word_1_244' title='bbox 1622 2301 1656 2337; x_wconf 91' lang='lat' dir='ltr'><em>R</em></span> 
     </span>
     <span class='ocr_line' id='line_1_31' title="bbox 1569 2360 1585 2377; baseline 0 0"><span class='ocrx_word' id='word_1_245' title='bbox 1569 2360 1585 2377; x_wconf 91' lang='grc' dir='ltr'>Ο</span> 
     </span>
    </p>
   </div>
   <div class='ocr_carea' id='block_1_7' title="bbox 130 2360 1663 2495">
    <p class='ocr_par' dir='ltr' id='par_1_11' title="bbox 130 2360 1663 2495">
     <span class='ocr_line' id='line_1_32' title="bbox 130 2360 1663 2430; baseline -0.001 -3"><span class='ocrx_word' id='word_1_246' title='bbox 130 2391 200 2428; x_wconf 87' lang='lat' dir='ltr'>late</span> <span class='ocrx_word' id='word_1_247' title='bbox 230 2399 250 2430; x_wconf 82' lang='grc' dir='ltr'>ε</span> <span class='ocrx_word' id='word_1_248' title='bbox 364 2389 418 2427; x_wconf 85' lang='grc'>46</span> <span class='ocrx_word' id='word_1_249' title='bbox 449 2391 540 2426; x_wconf 85' lang='lat' dir='ltr'>cirea</span> <span class='ocrx_word' id='word_1_250' title='bbox 571 2389 638 2425; x_wconf 81' lang='lat' dir='ltr'>Ha</span> <span class='ocrx_word' id='word_1_251' title='bbox 668 2401 751 2426; x_wconf 87' lang='lat' dir='ltr'>cura</span> <span class='ocrx_word' id='word_1_252' title='bbox 781 2392 816 2428; x_wconf 91' lang='lat' dir='ltr'><em>R</em></span> <span class='ocrx_word' id='word_1_253' title='bbox 904 2390 1013 2427; x_wconf 89' lang='lat' dir='ltr'>duces</span> <span class='ocrx_word' id='word_1_254' title='bbox 1041 2389 1082 2425; x_wconf 90' lang='grc' dir='ltr'><em>Σ</em></span> <span class='ocrx_word' id='word_1_255' title='bbox 1192 2390 1244 2426; x_wconf 86' lang='grc'>47</span> <span class='ocrx_word' id='word_1_256' title='bbox 1278 2369 1407 2427; x_wconf 60' lang='lat' dir='ltr'>Milites</span> <span class='ocrx_word' id='word_1_257' title='bbox 1429 2390 1473 2426; x_wconf 87' lang='lat' dir='ltr'>H</span> <span class='ocrx_word' id='word_1_258' title='bbox 1552 2360 1596 2427; x_wconf 57' lang='lat' dir='ltr'>tei¹</span> <span class='ocrx_word' id='word_1_259' title='bbox 1618 2390 1663 2426; x_wconf 89' lang='lat' dir='ltr'>H</span> 
     </span>
     <span class='ocr_line' id='line_1_33' title="bbox 215 2445 1655 2495; baseline 0.001 -13"><span class='ocrx_word' id='word_1_260' title='bbox 215 2446 389 2495; x_wconf 81' lang='lat' dir='ltr'>rugientia</span> <span class='ocrx_word' id='word_1_261' title='bbox 419 2445 605 2483; x_wconf 83' lang='lat' dir='ltr'>Heinsius</span> <span class='ocrx_word' id='word_1_262' title='bbox 634 2448 687 2482; x_wconf 81' lang='lat' dir='ltr'>ad</span> <span class='ocrx_word' id='word_1_263' title='bbox 718 2446 837 2484; x_wconf 77' lang='lat' dir='ltr'>Ovidii</span> <span class='ocrx_word' id='word_1_264' title='bbox 865 2451 1014 2483; x_wconf 83' lang='lat' dir='ltr'>metam.</span> <span class='ocrx_word' id='word_1_265' title='bbox 1047 2446 1059 2481; x_wconf 93' lang='lat'>1</span> <span class='ocrx_word' id='word_1_266' title='bbox 1090 2446 1169 2484; x_wconf 87' lang='lat'>541</span> <span class='ocrx_word' id='word_1_267' title='bbox 1205 2449 1304 2484; x_wconf 86' lang='lat' dir='ltr'>conl.</span> <span class='ocrx_word' id='word_1_268' title='bbox 1337 2447 1380 2482; x_wconf 80' lang='lat' dir='ltr'>lx</span> <span class='ocrx_word' id='word_1_269' title='bbox 1405 2447 1481 2483; x_wconf 81' lang='lat'>127</span> <span class='ocrx_word' id='word_1_270' title='bbox 1515 2446 1655 2495; x_wconf 81' lang='lat' dir='ltr'>fugien-</span> 
     </span>
    </p>
   </div>
   <div class='ocr_carea' id='block_1_8' title="bbox 114 2517 1654 2814">
    <p class='ocr_par' dir='ltr' id='par_1_12' title="bbox 114 2517 1654 2814">
     <span class='ocr_line' id='line_1_34' title="bbox 131 2517 1577 2585; baseline -0.001 -11"><span class='ocrx_word' id='word_1_271' title='bbox 131 2539 174 2574; x_wconf 89' lang='lat' dir='ltr'>tis</span> <span class='ocrx_word' id='word_1_272' title='bbox 195 2543 230 2584; x_wconf 87' lang='grc' dir='ltr'><strong><em>ψ</em></strong></span> <span class='ocrx_word' id='word_1_273' title='bbox 261 2517 439 2585; x_wconf 55' lang='lat' dir='ltr'>fugiente}</span> <span class='ocrx_word' id='word_1_274' title='bbox 461 2536 505 2573; x_wconf 93' lang='lat' dir='ltr'>H</span> <span class='ocrx_word' id='word_1_275' title='bbox 587 2542 763 2585; x_wconf 89' lang='lat' dir='ltr'>sequutus</span> <span class='ocrx_word' id='word_1_276' title='bbox 798 2537 846 2575; x_wconf 78' lang='lat' dir='ltr'>Ve</span> <span class='ocrx_word' id='word_1_277' title='bbox 877 2541 1027 2585; x_wconf 88' lang='lat' dir='ltr'>sequtus</span> <span class='ocrx_word' id='word_1_278' title='bbox 1057 2539 1070 2573; x_wconf 86' lang='lat' dir='ltr'><em>l</em></span> <span class='ocrx_word' id='word_1_279' title='bbox 1156 2536 1210 2574; x_wconf 87' lang='lat'>48</span> <span class='ocrx_word' id='word_1_280' title='bbox 1231 2538 1306 2573; x_wconf 87' lang='lat' dir='ltr'>ruit</span> <span class='ocrx_word' id='word_1_281' title='bbox 1330 2538 1577 2574; x_wconf 81' lang='lat' dir='ltr'>Burmannus</span> 
     </span>
     <span class='ocr_line' id='line_1_35' title="bbox 128 2591 1651 2634; baseline 0.001 -5"><span class='ocrx_word' id='word_1_282' title='bbox 128 2594 182 2631; x_wconf 78' lang='lat'>49</span> <span class='ocrx_word' id='word_1_283' title='bbox 203 2593 266 2630; x_wconf 90' lang='lat' dir='ltr'>illo</span> <span class='ocrx_word' id='word_1_284' title='bbox 289 2591 381 2628; x_wconf 86' lang='lat' dir='ltr'>BHI</span> <span class='ocrx_word' id='word_1_285' title='bbox 466 2593 624 2630; x_wconf 70' lang='lat' dir='ltr'>laxarunt</span> <span class='ocrx_word' id='word_1_286' title='bbox 644 2592 745 2629; x_wconf 83' lang='lat' dir='ltr'>BRa</span> <span class='ocrx_word' id='word_1_287' title='bbox 833 2594 907 2630; x_wconf 83' lang='lat' dir='ltr'>ocia</span> <span class='ocrx_word' id='word_1_288' title='bbox 930 2593 964 2629; x_wconf 89' lang='lat' dir='ltr'><em>R</em></span> <span class='ocrx_word' id='word_1_289' title='bbox 1042 2593 1124 2629; x_wconf 89' lang='lat' dir='ltr'>illos</span> <span class='ocrx_word' id='word_1_290' title='bbox 1146 2592 1309 2629; x_wconf 85' lang='lat' dir='ltr'>laxarunt</span> <span class='ocrx_word' id='word_1_291' title='bbox 1330 2593 1460 2634; x_wconf 89' lang='lat' dir='ltr'>cultus,</span> <span class='ocrx_word' id='word_1_292' title='bbox 1483 2596 1507 2630; x_wconf 87' lang='lat' dir='ltr'>i.</span> <span class='ocrx_word' id='word_1_293' title='bbox 1527 2604 1559 2630; x_wconf 88' lang='lat' dir='ltr'>e.</span> <span class='ocrx_word' id='word_1_294' title='bbox 1575 2594 1651 2630; x_wconf 88' lang='lat' dir='ltr'>sol-</span> 
     </span>
     <span class='ocr_line' id='line_1_36' title="bbox 130 2648 1598 2695; baseline -0.001 -8"><span class='ocrx_word' id='word_1_295' title='bbox 130 2654 266 2687; x_wconf 79' lang='lat' dir='ltr'>verunt</span> <span class='ocrx_word' id='word_1_296' title='bbox 287 2651 468 2695; x_wconf 83' lang='lat' dir='ltr'>tunicam,</span> <span class='ocrx_word' id='word_1_297' title='bbox 492 2654 532 2686; x_wconf 83' lang='lat' dir='ltr'>ut</span> <span class='ocrx_word' id='word_1_298' title='bbox 553 2650 764 2687; x_wconf 81' lang='lat' dir='ltr'>discinctus</span> <span class='ocrx_word' id='word_1_299' title='bbox 784 2654 894 2687; x_wconf 84' lang='lat' dir='ltr'>esset.</span> <span class='ocrx_word' id='word_1_300' title='bbox 984 2648 1039 2687; x_wconf 87' lang='lat'>50</span> <span class='ocrx_word' id='word_1_301' title='bbox 1060 2649 1209 2686; x_wconf 88' lang='lat' dir='ltr'>uictoris</span> <span class='ocrx_word' id='word_1_302' title='bbox 1223 2649 1306 2685; x_wconf 89' lang='lat' dir='ltr'>BH</span> <span class='ocrx_word' id='word_1_303' title='bbox 1387 2649 1492 2686; x_wconf 86' lang='lat' dir='ltr'>decet</span> <span class='ocrx_word' id='word_1_304' title='bbox 1508 2650 1598 2687; x_wconf 85' lang='lat' dir='ltr'>HRI</span> 
     </span>
     <span class='ocr_line' id='line_1_37' title="bbox 130 2705 1654 2754; baseline -0.001 -11"><span class='ocrx_word' id='word_1_305' title='bbox 130 2706 180 2743; x_wconf 91' lang='lat'>51</span> <span class='ocrx_word' id='word_1_306' title='bbox 205 2707 331 2743; x_wconf 79' lang='lat' dir='ltr'>Accius</span> <span class='ocrx_word' id='word_1_307' title='bbox 353 2706 397 2742; x_wconf 91' lang='lat' dir='ltr'>H</span> <span class='ocrx_word' id='word_1_308' title='bbox 485 2706 645 2754; x_wconf 82' lang='lat' dir='ltr'>percusit</span> <span class='ocrx_word' id='word_1_309' title='bbox 676 2706 710 2742; x_wconf 92' lang='lat' dir='ltr'><em>R</em></span> <span class='ocrx_word' id='word_1_310' title='bbox 798 2706 851 2743; x_wconf 87' lang='lat'>52</span> <span class='ocrx_word' id='word_1_311' title='bbox 873 2705 1017 2753; x_wconf 67' lang='lat' dir='ltr'>Posqufi</span> <span class='ocrx_word' id='word_1_312' title='bbox 1037 2706 1071 2742; x_wconf 93' lang='lat' dir='ltr'><em>R</em></span> <span class='ocrx_word' id='word_1_313' title='bbox 1102 2706 1295 2753; x_wconf 86' lang='lat' dir='ltr'>Postquam</span> <span class='ocrx_word' id='word_1_314' title='bbox 1327 2711 1362 2753; x_wconf 87' lang='grc' dir='ltr'><em>ψ</em></span> <span class='ocrx_word' id='word_1_315' title='bbox 1468 2707 1654 2742; x_wconf 83' lang='lat' dir='ltr'>uictricem</span> 
     </span>
     <span class='ocr_line' id='line_1_38' title="bbox 114 2761 1653 2814; baseline -0.001 -16"><span class='ocrx_word' id='word_1_316' title='bbox 114 2762 169 2798; x_wconf 63' lang='lat' dir='ltr'>*H</span> <span class='ocrx_word' id='word_1_317' title='bbox 254 2761 360 2814; x_wconf 70' lang='lat' dir='ltr'>turbe</span> <span class='ocrx_word' id='word_1_318' title='bbox 391 2762 435 2799; x_wconf 90' lang='lat' dir='ltr'>H</span> <span class='ocrx_word' id='word_1_319' title='bbox 461 2762 564 2798; x_wconf 86' lang='lat' dir='ltr'>turbe</span> <span class='ocrx_word' id='word_1_320' title='bbox 606 2763 638 2799; x_wconf 81' lang='lat' dir='ltr'><em>V</em></span> <span class='ocrx_word' id='word_1_321' title='bbox 763 2762 816 2799; x_wconf 88' lang='lat'>55</span> <span class='ocrx_word' id='word_1_322' title='bbox 847 2773 904 2811; x_wconf 81' lang='lat' dir='ltr'>sq.</span> <span class='ocrx_word' id='word_1_323' title='bbox 936 2762 989 2800; x_wconf 89' lang='lat'>53</span> <span class='ocrx_word' id='word_1_324' title='bbox 1022 2773 1077 2810; x_wconf 84' lang='lat' dir='ltr'>sq.</span> <span class='ocrx_word' id='word_1_325' title='bbox 1111 2765 1166 2799; x_wconf 85' lang='lat' dir='ltr'>sie</span> <span class='ocrx_word' id='word_1_326' title='bbox 1197 2764 1382 2801; x_wconf 79' lang='lat' dir='ltr'>ordinavi.</span> <span class='ocrx_word' id='word_1_327' title='bbox 1511 2761 1563 2801; x_wconf 89' lang='lat'>55</span> <span class='ocrx_word' id='word_1_328' title='bbox 1596 2762 1653 2798; x_wconf 77' lang='lat' dir='ltr'>Sir</span> 
     </span>
    </p>
   </div>
   <div class='ocr_carea' id='block_1_9' title="bbox 130 2830 1572 2900">
    <p class='ocr_par' dir='ltr' id='par_1_13' title="bbox 130 2830 1572 2900">
     <span class='ocr_line' id='line_1_39' title="bbox 130 2830 1572 2900; baseline -0.001 -10"><span class='ocrx_word' id='word_1_329' title='bbox 130 2852 312 2891; x_wconf 84' lang='lat' dir='ltr'>Heinsius</span> <span class='ocrx_word' id='word_1_330' title='bbox 396 2854 443 2890; x_wconf 90' lang='lat' dir='ltr'>im</span> <span class='ocrx_word' id='word_1_331' title='bbox 472 2856 485 2890; x_wconf 87' lang='lat' dir='ltr'><em>l</em></span> <span class='ocrx_word' id='word_1_332' title='bbox 573 2858 711 2889; x_wconf 87' lang='lat' dir='ltr'>tentum</span> <span class='ocrx_word' id='word_1_333' title='bbox 741 2853 926 2890; x_wconf 83' lang='lat' dir='ltr'>Heinsius</span> <span class='ocrx_word' id='word_1_334' title='bbox 1024 2830 1231 2900; x_wconf 52' lang='lat' dir='ltr'>‹turuauerit</span> <span class='ocrx_word' id='word_1_335' title='bbox 1262 2852 1302 2888; x_wconf 90' lang='lat' dir='ltr'>H</span> <span class='ocrx_word' id='word_1_336' title='bbox 1397 2864 1500 2890; x_wconf 87' lang='lat' dir='ltr'>arcus</span> <span class='ocrx_word' id='word_1_337' title='bbox 1532 2852 1572 2888; x_wconf 91' lang='grc' dir='ltr'><em>Σ</em></span> 
     </span>
    </p>
   </div>
   <div class='ocr_carea' id='block_1_10' title="bbox 1297 2916 1382 2958">
    <p class='ocr_par' dir='ltr' id='par_1_14' title="bbox 1297 2916 1382 2958">
     <span class='ocr_line' id='line_1_40' title="bbox 1297 2916 1382 2958; baseline 0.012 -1"><span class='ocrx_word' id='word_1_338' title='bbox 1297 2916 1382 2958; x_wconf 73' lang='grc'>13*</span> 
     </span>
    </p>
   </div>
  </div>
 </body>
</html>
