1884 3126
805 170 952 200 cunsx.
1582 150 1635 194 67

283 286 331 326 Et
359 292 420 332 tu,
453 286 515 325 cui
546 285 695 325 meritis
726 285 853 324 oritur
883 282 1024 322 fiducia
1055 281 1186 326 tantis,

228 360 362 400 Octavi
393 358 634 404 venerande,
667 357 765 397 meis
794 355 979 398 adlabere
1010 355 1174 407 coeptis,
1584 354 1636 391 25

227 439 362 473 sancte
392 444 512 486 puer,
544 432 615 471 tibi
646 443 815 484 namque
875 457 1383 470 ........

227 509 338 547 triste
368 506 470 546 Iovis
499 506 719 558 Rhoetique
748 504 853 544 canit
882 515 962 542 non
993 502 1136 554 pagina
1165 498 1325 546 bellum,

227 580 392 632 Phlegra
424 580 614 630 Giganteo
643 589 779 630 sparsa
810 582 871 616 est
901 587 978 627 quo
1009 575 1201 626 sanguine
1233 572 1364 618 tellus,

228 666 301 694 nec
331 653 571 693 Centaureos
602 650 785 703 Lapithas
816 648 1018 701 compellit
1048 649 1089 687 in
1121 659 1256 692 enses;

226 729 303 766 urit
332 725 605 766 Erichthonias
636 724 778 764 Oriens
809 734 887 762 non
918 721 1075 774 ignibus
1106 733 1229 766 arces,
1585 722 1639 760 30

226 813 302 839 non
334 800 536 852 perfossus
566 797 686 837 Athos
718 809 791 836 nec
821 808 962 847 magno
995 794 1148 835 vincula
1179 799 1302 846 ponto

225 874 324 912 iacta
356 885 443 912 meo
474 876 664 924 quaerent
693 872 770 910 iam
802 881 890 909 sera
923 868 1119 909 volumine
1150 868 1309 912 samam,

223 959 301 986 non
333 945 610 998 Hellespontus
641 942 808 996 pedibus
839 942 1016 995 pulsatus
1048 953 1255 994 equorum,

224 1020 386 1059 Graecia
418 1031 504 1058 cum
537 1019 668 1058 timuit
696 1017 889 1056 venientis
919 1015 1097 1068 undique
1128 1015 1289 1055 Persas:

226 1092 356 1132 mollia
385 1091 455 1132 sed
486 1091 591 1131 tenui
621 1091 833 1131 decurrere
864 1090 1038 1129 carmina
1068 1100 1184 1129 versu
1215 1094 1254 1128 et
1364 1083 1366 1086 ’
1585 1090 1637 1127 35

171 1241 223 1278 24
254 1243 298 1277 At
328 1242 377 1287 P,
412 1241 578 1278 Bembus
682 1240 789 1276 tantis
819 1234 863 1275 a¹
894 1239 1001 1275 cartis
1033 1238 1156 1276 BVY
1180 1238 1312 1274 chartis
1349 1237 1436 1279 Ole,v
1469 1237 1638 1275 Bembus

113 1300 218 1334 castis
260 1298 332 1334 CH
383 1298 507 1334 castris
545 1297 626 1333 LPt
681 1297 775 1332 canis
807 1296 838 1332 G
894 1296 1030 1343 coeptis
1069 1295 1299 1332 Mutinensis
1417 1293 1469 1331 25
1502 1293 1631 1342 Optaui

883 1355 898 1372 Θ

113 1388 148 1436 (ρ
178 1400 225 1424 m.
258 1393 337 1424 αηί.
368 1399 471 1425 corr.
505 1398 556 1424 ex
585 1385 618 1434 c)
661 1386 690 1423 V
773 1385 939 1422 adlabore
971 1386 1000 1422 0
1028 1384 1182 1421 allabere
1222 1385 1293 1423 Yle
1325 1384 1464 1421 alabere
1496 1385 1539 1421 H

111 1446 222 1492 ceptis
244 1444 326 1480 -HO
441 1443 493 1480 26
526 1454 678 1491 namque
715 1444 810 1479 canit
851 1453 922 1478 non
963 1443 1093 1491 pagina
1130 1441 1262 1477 bellurn
1302 1440 1377 1478 Ωω
1467 1442 1640 1488 Expleri

109 1503 230 1547 possit
267 1501 478 1537 versiculus
515 1502 614 1536 velut
651 1500 731 1535 his.-
779 1509 932 1546 namque
973 1498 1118 1534 humilis
1164 1499 1350 1534 conamine
1394 1499 1510 1546 primo

114 1557 165 1594 27
198 1562 287 1594 ante
318 1557 370 1593 26
400 1559 437 1592 in
470 1556 583 1601 AEQ,
617 1567 687 1592 om.
718 1555 859 1601 HVea,
896 1555 1061 1591 Bembus
1138 1554 1268 1592 Rhoeti
1300 1557 1397 1591 coni.
1424 1555 1637 1592 Gronovius

114 1615 151 1649 in
184 1619 213 1658 t,
254 1613 461 1659 Hauptius.
510 1610 663 1660 ponti(?)
698 1611 726 1648 Ο
762 1612 866 1659 ponit
909 1610 1000 1652 ²P'm,
1040 1613 1115 1647 nisi
1149 1612 1251 1658 quod
1294 1612 1414 1659 possit
1453 1616 1465 1647 t
1503 1611 1638 1647 Rhoeci

119 1669 389 1706 Taubmunnus
418 1667 501 1704 Coei
533 1668 778 1704 Schrader-us
804 1666 899 1703 Cotti
924 1667 1215 1713 Oudendorpius
1246 1669 1298 1703 acl
1316 1669 1469 1705 Lucani
1487 1667 1530 1703 lv
1553 1668 1634 1704 596

114 1725 243 1761 Phorci
282 1725 462 1772 Silliyius.
580 1724 631 1760 28
663 1723 792 1772 Flegra
828 1723 1142 1760 ABCEHOVYI
1182 1723 1310 1772 Flagra
1341 1734 1362 1762 ε
1450 1729 1634 1773 gyganteo

115 1782 196 1818 ΒΥ
275 1786 330 1816 est
360 1793 429 1817 om.
454 1781 484 1817 C
566 1791 635 1830 que
658 1781 694 1816 B
724 1790 814 1827 quae
837 1780 904 1816 GE
931 1779 954 1828 (Ῑ
990 1780 1027 1816 ἵ
1136 1779 1187 1816 29
1209 1780 1352 1828 Necque
1383 1786 1574 1817 centauros
1598 1781 1641 1817 Η

169 1871 319 1919 laphitas
358 1870 430 1907 ΗΟ
444 1871 518 1908 Vle
555 1870 729 1918 laphithas
775 1870 812 1906 Y
835 1839 972 1911 lznlhitas
1005 1869 1034 1906 G
1125 1870 1299 1918 conpellit
1338 1871 1375 1907 Y
1444 1872 1480 1907 in
1513 1882 1635 1907 ensem

117 1927 145 1964 0
175 1928 217 1963 ad
256 1938 375 1963 ensem
408 1927 439 1964 G
553 1927 607 1964 30
635 1926 720 1962 Urat
759 1926 795 1961 B
833 1926 947 1962 Vertit
981 1926 1009 1963 0
1091 1927 1309 1962 crichtonias
1342 1927 1371 1964 C
1409 1928 1636 1964 erechtonias

116 1984 151 2019 B
188 1984 377 2020 erictonias
416 1982 535 2020 HOV
575 1983 797 2019 erecthonias
835 1983 950 2019 AEY
987 1983 1182 2018 erithonias
1221 1985 1234 2019 l
1330 1980 1470 2033 oriens]
1520 1986 1634 2032 yloss.

114 2040 245 2075 Xerxes
270 2039 298 2075 0
384 2044 480 2075 artes
510 2041 523 2075 l
610 2039 660 2075 31
685 2034 777 2088 non]
810 2039 881 2074 Nec
903 2037 968 2075 GO
1026 2050 1090 2086 per
1121 2038 1240 2074 fossus
1272 2040 1304 2075 Β
1325 2052 1371 2076 m.
1396 2041 1415 2075 1
1449 2040 1634 2087 perfossos

116 2097 158 2132 H
212 2107 339 2143 magna
369 2097 383 2142 ζ
469 2095 520 2132 32
552 2096 643 2131 lacta
674 2095 777 2140 ΑΕε,
812 2096 977 2131 Bembus
1005 2094 1111 2131 Lecta
1141 2095 1231 2131 Goa
1262 2095 1368 2131 Laeta
1388 2096 1499 2132 Pth
1528 2095 1636 2140 Laeta

116 2151 231 2198 (corr.
263 2164 309 2187 m.
343 2153 474 2188 eadem
512 2156 552 2188 ut
583 2150 668 2198 vid.)
699 2151 736 2187 B
764 2151 852 2203 Leta
883 2151 913 2188 C
939 2150 1024 2187 Leta
1054 2151 1096 2187 H
1109 2151 1138 2188 V
1212 2148 1311 2201 meo]
1342 2154 1456 2199 yloss.
1489 2153 1634 2200 ingenio

118 2208 146 2244 0
176 2205 255 2243 mea
284 2210 298 2244 l
328 2218 405 2244 mee
437 2208 479 2244 H
547 2213 700 2255 querent
730 2207 764 2243 Y
780 2213 957 2255 quaerunt
986 2210 999 2243 l
1030 2218 1203 2254 quaerens
1237 2207 1266 2243 G
1343 2208 1410 2243 iam
1441 2204 1538 2257 sera]
1571 2219 1636 2256 per

116 2269 210 2300 tanta
242 2264 271 2300 G
341 2263 522 2300 uolumine
553 2265 652 2309 Ηεα,
686 2265 853 2300 Bembus
883 2263 1065 2299 uolumina
1101 2262 1172 2299 Ψω
1239 2263 1331 2299 same
1362 2264 1405 2300 H
1488 2264 1541 2301 33
1572 2265 1636 2300 he-

113 2320 299 2367 lespontus
330 2320 452 2356 BHY
475 2319 696 2367 ellespontus
738 2320 782 2356 Vl
867 2318 919 2356 34
950 2318 1075 2354 Grecia
1105 2318 1313 2357 BCHVI'I
1373 2316 1471 2370 cum]
1504 2327 1552 2356 no
1583 2321 1636 2357 Kl

171 2376 358 2411 contenuit
388 2378 424 2412 in
454 2377 573 2412 lit-ura
603 2376 634 2412 G
665 2376 783 2411 timuit
813 2380 918 2412 certo
947 2377 1023 2423 leqi
1051 2387 1126 2412 non
1151 2378 1276 2422 potuit
1305 2378 1344 2412 in
1369 2375 1398 2412 Ο
1456 2377 1634 2413 uenientis

413 2434 428 2451 e

129 2465 157 2501 V
165 2465 235 2502 ΓΖΕ
266 2465 443 2500 uenientis
480 2463 513 2511 (e
543 2475 745 2511 suprascr.
777 2477 825 2501 m.
856 2464 953 2512 rec.)
984 2464 1021 2500 B
1058 2466 1243 2501 uenientes
1274 2467 1317 2502 H
1352 2466 1574 2503 uehementis
1606 2468 1636 2505 0

116 2520 167 2567 (in
199 2523 338 2557 ceteris
367 2525 493 2557 ulrum
523 2523 533 2557 i
565 2532 616 2557 an
646 2532 665 2556 e
695 2523 742 2557 sit
772 2519 915 2568 nescio)
1022 2520 1074 2559 35
1105 2522 1204 2558 molli
1236 2523 1435 2570 Hauptius
1465 2526 1503 2559 in
1534 2536 1630 2561 nun—

117 2579 176 2613 tiis
212 2578 325 2613 acad.
367 2577 495 2613 Berol.
535 2575 666 2624 (mollis
707 2578 802 2613 idem
841 2579 886 2614 de
918 2577 1102 2625 Calpurn.
1136 2583 1172 2614 et
1203 2579 1351 2615 Nemes.
1383 2591 1418 2627 p.
1452 2578 1520 2627 30)

115 2638 171 2668 set
210 2633 242 2670 1⁷
303 2633 421 2668 tenuis
452 2633 648 2680 Hauplius
675 2635 700 2670 l.
728 2635 842 2680 prius
869 2634 895 2669 l.
970 2633 1162 2670 decurrere
1192 2635 1346 2671 carmina
1376 2637 1520 2682 scripsi
1547 2647 1632 2673 cum

116 2689 286 2726 Heinsio.
323 2689 414 2736 pede
452 2700 596 2725 currere
635 2690 787 2726 carmina
828 2688 924 2736 Ψψ,
966 2690 1130 2727 Bembus
1166 2690 1257 2738 pede
1296 2691 1450 2727 carmina
1487 2703 1632 2728 currere

117 2744 226 2781 GOV
259 2756 469 2792 percurrere
507 2746 660 2781 carmina
691 2750 704 2781 t
741 2745 935 2781 decurrens
965 2747 1117 2782 carmina
1140 2758 1256 2793 prop.
1290 2747 1474 2784 Heinsius
1503 2748 1632 2785 decur-

115 2811 197 2836 rens
217 2802 370 2837 carmine
391 2793 587 2848 Hauptius
606 2812 819 2849 percurrens
844 2802 996 2838 carmina
1018 2802 1232 2839 Gronovius
1291 2814 1395 2839 versu
1416 2809 1452 2840 et
1472 2807 1626 2852 scripsi,

116 2857 217 2903 quod
242 2858 281 2893 in
310 2858 465 2894 rudiore
489 2862 606 2905 poeta
639 2858 876 2894 tolerandum
906 2867 989 2896 esse
1017 2859 1127 2896 duco.
1161 2869 1269 2895 uersu
1290 2864 1347 2896 est
1367 2864 1381 2896 t
1402 2870 1511 2897 uersu
1537 2860 1626 2907 Ψψ,

1299 2923 1360 2964 5³5<
