1884 3126
826 171 973 198 cunm.
1605 150 1656 192 71

252 288 390 330 florida
422 300 510 327 cum
541 285 656 326 tellus
686 283 922 336 gemmantis
951 282 1055 333 picta
1085 291 1156 332 per
1188 278 1332 318 herbas
1606 279 1659 316 70

253 375 342 402 vere
374 366 482 400 notat
511 357 829 414 dulci-distincta
861 354 1061 395 coloribus
1091 365 1202 398 arva;

252 441 367 488 atque
399 434 507 474 illum
539 432 688 474 calamo
720 430 865 470 laetum
895 432 1110 469 recanente
1141 425 1303 478 palustri

252 511 408 561 otiaque
438 506 582 547 invidia
614 505 821 556 degentem
853 508 891 543 et
919 501 1058 542 fraude
1089 505 1241 540 remota

252 582 543 635 pollentemque
574 579 649 620 sibi
678 577 793 618 viridi
823 589 912 616 cum
942 575 1103 628 palmite
1134 573 1276 613 ludens

253 655 403 696 Tmolia
431 654 643 706 pampineo
674 651 810 691 subter
842 662 952 689 coma
985 649 1087 689 velat
1116 648 1273 687 amictu.
1608 647 1658 683 75

253 728 308 768 illi
338 733 428 767 sunt
456 731 590 778 gratae
621 730 802 764 rorantes
830 724 934 763 lacte
965 721 1140 775 capellae

253 807 291 841 ct
322 813 460 841 nemus
491 804 530 838 et
559 798 727 838 secunda
757 796 870 837 Pales
900 802 939 836 et
971 795 1132 836 vallibus
1162 795 1268 833 intus

251 886 408 926 semper
438 885 558 926 opaca
589 873 699 912 novis
731 871 926 910 manantia
958 869 1135 909 fontibus
1166 872 1289 907 antra.

255 949 342 999 quis
372 947 496 996 magis
526 950 659 998 optato
690 949 807 997 queat
837 955 924 983 esse
955 943 1107 982 beatior
1137 954 1244 987 aevo,

255 1033 370 1072 quam
403 1021 468 1071 qui
499 1024 630 1059 mente
660 1017 802 1071 procul
832 1029 932 1070 pura
962 1027 1161 1067 sensuque
1191 1014 1398 1067 probando
1607 1015 1662 1052 80

252 1107 332 1134 non
362 1093 492 1133 avidas
522 1093 680 1144 agnovit
709 1104 804 1143 opes
835 1103 908 1130 nec
938 1091 1064 1129 tristia
1097 1088 1199 1128 bella
1451 1076 1458 1081 ”

253 1180 326 1207 nec
356 1168 511 1206 funesta
541 1167 652 1205 timet
680 1164 829 1204 validae
859 1164 1076 1203 certamina
1107 1162 1243 1201 classis

253 1252 344 1285 nec,
377 1239 512 1292 spoliis
541 1238 635 1278 dum
665 1242 802 1277 sancta
832 1237 950 1277 deum
981 1234 1224 1287 fulgentibus
1256 1239 1372 1274 ornet

253 1313 398 1364 templa
429 1311 490 1351 vel
521 1316 679 1352 evectus
708 1312 828 1350 finem
858 1309 1111 1350 transcendat
1142 1308 1325 1354 habendi,

223 1440 277 1477 70
305 1435 406 1489 cum]
438 1441 506 1475 nssc
546 1439 577 1475 V
660 1439 845 1486 gemmatis
879 1438 915 1474 P
949 1437 1113 1485 ge'mfites
1157 1437 1188 1473 V
1218 1440 1403 1484 gemantes
1434 1436 1477 1471 Η
1504 1435 1663 1484 gemina-

141 1501 193 1532 tcs
229 1498 243 1532 l
345 1496 394 1532 71
434 1506 531 1531 nouo
575 1495 605 1531 V
644 1499 751 1530 novat
789 1495 974 1531 Heinsius
1088 1492 1182 1529 dulci
1221 1493 1302 1528 Hla
1341 1464 1525 1528 Bembus⁰
1546 1491 1661 1527 dulcis

139 1552 370 1589 ABCEPYe
408 1551 506 1587 duris
539 1552 568 1587 G
599 1549 714 1586 dubiis
747 1551 787 1586 K
798 1551 837 1596 V
879 1551 981 1598 quod
1014 1549 1229 1608 defendit
1218 1548 1393 1585 Naelcius
1425 1548 1506 1585 Cat.
1533 1560 1574 1594 p.
1607 1548 1663 1585 50

223 1608 396 1644 distinora
437 1608 471 1644 V
495 1607 645 1643 dixtinta
673 1608 687 1643 l
717 1606 876 1643 districta
908 1607 938 1643 G
1025 1590 1229 1654 ligonibus
1241 1606 1271 1641 G
1388 1604 1439 1641 72
1471 1604 1522 1640 illi
1555 1605 1587 1641 G

143 1664 227 1700 litus
259 1665 290 1701 G
375 1669 564 1699 recanente
593 1662 845 1699 ABCELPY
877 1669 1020 1699 recante
1048 1665 1061 1699 l
1091 1663 1275 1698 recinente
1305 1662 1349 1698 H
1383 1674 1430 1698 m.
1464 1660 1508 1706 2,
1549 1661 1660 1697 Bem-

141 1722 209 1757 bus
250 1721 426 1756 retinente
455 1721 499 1756 Η
525 1731 573 1756 m.
597 1721 616 1755 1
650 1719 725 1756 Vax
762 1719 927 1755 redimite
959 1719 989 1755 G
1092 1718 1242 1766 plaustri
1282 1718 1318 1754 Y
1424 1717 1475 1754 73
1506 1728 1564 1765 sq.
1603 1720 1660 1754 in-

142 1787 248 1813 verso
278 1777 411 1813 ordine
440 1776 470 1812 G
530 1775 581 1812 73
613 1775 763 1823 Otiaque
792 1775 925 1811 inuidie
959 1775 989 1811 V
1017 1774 1167 1822 Otiaque
1197 1774 1333 1810 inuidie
1362 1776 1376 1810 l
1406 1773 1484 1810 Otia
1515 1773 1661 1810 deducit

141 1833 170 1869 G
228 1832 393 1881 degendo
425 1833 455 1869 G
513 1837 549 1868 et
579 1832 687 1868 GHP
713 1843 753 1868 ic
782 1841 840 1877 εα,
874 1832 1051 1876 Bembus,
1084 1843 1153 1868 om.
1192 1830 1269 1876 Ψψ
1328 1836 1465 1867 remota
1494 1843 1514 1866 e
1547 1832 1560 1867 l

143 1889 194 1925 74
224 1889 418 1926 pallentem
439 1889 471 1925 G
499 1888 697 1924 Pellentern
727 1890 741 1925 l
798 1889 852 1924 sui
884 1889 1066 1924 Heinsius
1097 1893 1132 1924 et
1155 1888 1401 1925 Selzraderus
1459 1886 1606 1923 uiridem
1631 1888 1661 1923 G

223 1945 349 1981 ludens
381 1955 433 1981 ex
461 1945 679 1981 membrana
701 1945 851 1981 Pithoei
870 1945 1046 1992 Scaliger
1069 1944 1192 1980 lucens
1218 1943 1306 1991 Ψψ,
1330 1944 1497 1980 Bembus
1527 1943 1626 1980 luces
1647 1946 1659 1980 l

141 2001 224 2037 bace
256 2001 286 2038 G
402 1999 452 2037 75
484 2000 620 2036 Tmolia
650 2010 697 2038 εα
728 2000 888 2052 ἸᾚῐῃοΙίει
918 2002 953 2037 Ρ
981 2000 1142 2036 Thmolia
1182 2001 1217 2037 Y
1240 2000 1378 2076 Tmolia
1409 2011 1510 2037 eras.
1546 2006 1582 2037 et
1612 2013 1658 2036 m.

141 2100 220 2127 rec.
248 2091 399 2137 factum
434 2090 551 2127 Mollia
583 2091 619 2127 B
647 2090 810 2131 Pmolea,
848 2103 895 2126 m.
927 2101 1005 2126 rec.
1043 2091 1195 2137 factum
1229 2090 1396 2127 PTmolia
1427 2091 1470 2126 H
1497 2090 1611 2126 Molea
1634 2091 1662 2127 C

142 2147 245 2183 Molia
274 2159 322 2183 m.
356 2147 396 2187 1,
429 2146 547 2183 Mollia
577 2160 623 2184 m.
656 2146 679 2182 2
710 2149 743 2183 Α
774 2147 962 2183 ThentolIa
1003 2147 1033 2182 V
1062 2146 1176 2182 Mollis
1207 2148 1219 2182 l
1258 2147 1349 2182 vitea
1380 2147 1548 2183 Bembus

142 2203 239 2239 uolat
281 2203 312 2239 V
423 2203 474 2240 76
505 2199 608 2252 sunt]
641 2204 732 2239 sicut
775 2205 806 2239 V
889 2209 990 2250 grate
1030 2203 1063 2238 Y
1089 2214 1211 2239 vaccae
1242 2208 1278 2238 et
1318 2203 1582 2250 Wakefieldus

139 2259 274 2307 capelle
304 2259 333 2295 C
446 2259 496 2296 77
529 2270 643 2295 uenus
675 2269 694 2297 ε
782 2255 952 2308 secunda]
985 2269 1092 2299 secu3
1136 2260 1166 2294 V
1254 2258 1372 2309 palles
1414 2259 1443 2295 C
1478 2259 1588 2307 palles
1620 2261 1662 2296 H

225 2311 281 2364 et]
313 2314 388 2351 ῑΐιῑ
417 2326 469 2356 ce,
499 2326 700 2362 suprascr.
733 2328 779 2351 m.
814 2315 836 2350 2
869 2320 904 2350 et
935 2316 978 2351 H
1050 2314 1200 2351 uallibus
1233 2315 1311 2350 imis
1342 2315 1457 2360 Ηίεα,
1494 2316 1660 2353 Bembus

143 2370 299 2406 molliter
327 2381 429 2406 racus
462 2372 491 2406 G
523 2371 639 2407 mollis
673 2371 814 2407 lac-chus
846 2370 988 2407 scheda
1019 2371 1168 2407 Pielioei
1254 2371 1305 2408 78
1337 2383 1406 2408 om.
1441 2373 1514 2408 EF
1588 2372 1658 2409 Sed

144 2437 207 2473 per
244 2427 274 2462 G
368 2427 546 2463 mauancia
584 2427 618 2463 Y
650 2428 832 2463 man-ianua
874 2427 905 2463 V
1017 2427 1067 2463 79
1100 2426 1166 2471 Qui
1204 2428 1234 2464 G
1356 2427 1411 2466 80
1442 2427 1484 2464 Et
1524 2429 1584 2476 qui
1615 2430 1657 2465 H

226 2482 351 2530 procul
389 2493 473 2518 cura
508 2485 522 2519 l
557 2483 684 2530 procul
721 2483 809 2519 dura
841 2483 1009 2531 Silliqius
1046 2489 1176 2531 potens
1215 2495 1303 2532 pura
1341 2485 1537 2522 Heinsius.
1598 2487 1657 2522 An

140 2538 267 2586 procul
297 2539 425 2586 prava?
512 2539 562 2576 81
594 2540 758 2587 agnoscit
791 2540 834 2576 Vl
861 2540 1007 2576 inhiavit
1037 2541 1224 2577 Heinsius
1301 2551 1373 2576 uon
1407 2541 1572 2579 Bembus

141 2594 192 2632 82
225 2599 322 2630 tenet
354 2604 374 2632 ε
462 2594 576 2631 aalide
605 2597 618 2632 l
649 2595 763 2631 ualida
791 2597 831 2632 H
849 2608 895 2632 m.
922 2596 942 2632 1
1049 2596 1102 2634 83
1133 2596 1205 2632 Nec
1237 2597 1266 2633 G
1297 2595 1375 2641 Quo
1407 2608 1427 2636 ε
1457 2598 1536 2634 Non
1562 2597 1650 2645 Ψψ,

142 2666 323 2711 quantum
353 2664 444 2706 scio,
468 2663 634 2699 Bembus
719 2653 777 2700 ἐὖ
808 2663 837 2700 C
921 2669 1023 2700 ornat
1043 2664 1098 2701 HI
1194 2663 1246 2701 84
1279 2664 1334 2700 vel
1363 2670 1508 2702 evectus
1541 2666 1654 2704 Bem-

142 2731 211 2767 bus
260 2711 465 2766 Neceuectus
507 2729 724 2778 (suprascr.
772 2744 818 2767 m.
864 2734 1040 2779 antiqua,
1090 2732 1262 2779 fortasse
1308 2732 1454 2780 eadem)
1495 2735 1531 2770 B
1589 2746 1654 2772 nec

143 2809 288 2844 euectus
315 2809 460 2846 EGHP
472 2810 501 2845 V
508 2810 602 2847 Ytea
634 2820 719 2857 nece
750 2815 876 2847 uectus
908 2812 939 2847 Α
969 2822 1035 2847 nec
1065 2815 1218 2846 euentus
1249 2810 1279 2847 0
1313 2791 1340 2848 ῐῗ
1367 2818 1493 2849 uectus
1523 2816 1537 2850 l
1567 2803 1653 2851 nece

144 2870 287 2901 evectus
317 2865 596 2914 Hertzberyius
679 2866 905 2904 transcendat
935 2867 1101 2905 Bembus
1130 2867 1347 2905 transcendit
1377 2867 1451 2906 52oe
