1884 3126
738 109 869 140 CAPUT
899 109 946 140 11.
1552 92 1605 137 31

88 225 150 274 13,
183 226 312 267 Rosas
342 225 407 266 rol.
434 224 484 266 13
515 237 587 278 sq..
620 222 863 275 Copam‘sol.
898 221 960 269 14,
994 223 1067 263 Est
1095 227 1134 262 et
1162 234 1241 262 non
1273 221 1338 261 sol.
1365 220 1428 267 14,
1469 222 1606 261 Virum

85 298 228 336 bonum
260 294 325 334 sol.
361 292 431 339 15,
474 295 644 333 Culicem
675 291 741 332 sol.
777 290 829 332 15
858 299 957 344 sqq„
996 292 1047 330 In
1079 291 1330 330 Maecenatis
1360 290 1507 329 obitum
1539 288 1606 327 soi.

84 361 263 402 23—26.
317 366 506 402 secuntur
536 361 603 400 soi.
625 358 678 400 27
708 361 919 399 Petronius
950 359 1012 411 (cs.
1036 357 1269 398 Buecheleri
1301 357 1425 409 praef.
1448 369 1486 408 p.
1509 356 1605 408 XX),

85 429 152 470 sol.
184 428 240 470 54
279 431 428 470 Catulli
462 431 583 478 liber,
624 428 690 467 fol.
725 425 805 467 102
839 427 1039 475 Tibullus,
1080 425 1145 466 I'ol.
1181 422 1404 465 142-224
1433 425 1606 474 Proper—

85 501 173 538 tius.
227 499 364 550 scripti
394 502 486 536 sunt
516 498 555 535 in
586 495 749 547 singuiis
778 495 931 546 paginis
962 506 1098 534 versus
1129 493 1252 533 XXIX
1282 498 1442 545 practer
1474 504 1604 536 unam,

86 578 186 618 quae
223 565 327 604 XXX
364 564 494 604 habet.
560 563 763 615 usurpavit
800 567 839 602 et
876 563 916 601 in
957 562 1273 602 emendationum
1310 560 1414 600 libro
1450 560 1607 611 saepius

86 632 254 672 laudavit
292 632 536 672 Schraderus
594 631 656 683 (cf.
696 630 866 670 Naekius
903 643 941 682 p.
972 628 1068 670 342.
1107 628 1203 669 240.
1242 627 1353 680 354).
1406 627 1605 667 conlatum

87 713 107 739 a
138 713 201 740 me
238 701 342 752 ipso,
387 700 463 739 nisi
500 699 603 750 quod
643 710 759 751 saepe
796 710 818 736 e
847 710 920 750 pro
957 710 1006 736 ae
1044 697 1102 737 vel
1134 709 1180 737 oe
1216 697 1389 749 positum
1423 700 1462 735 et
1499 707 1606 735 com-

82 768 227 820 pendia
259 767 448 819 pleraque
479 767 737 819 praetermisi,
770 765 900 805 littera
940 767 973 804 V
1002 765 1228 817 significavi.

199 869 254 908 Ex
286 868 421 907 eadem
452 869 514 907 Is.
555 869 723 907 Vossii
751 866 988 907 bibliotheca
1019 866 1226 919 desumpto
1257 865 1472 918 exemplari
1500 863 1607 904 Aldi-

90 948 161 975 nae
191 935 481 975 Catalectorum
512 935 693 974 editionis
723 936 815 974 anni
848 933 957 974 1534
988 935 1050 986 (cf.
1083 934 1254 974 Naekius
1285 947 1324 986 p.
1354 931 1466 983 418),
1500 944 1605 971 nunc

87 1004 126 1042 in
164 1003 427 1042 universitatis
464 1004 668 1042 Leidensis
705 1001 941 1041 bibliotheca
984 1002 1036 1053 (n.
1066 1000 1163 1041 849.
1204 1002 1286 1042 Cat.
1318 1001 1418 1053 XIII)
1459 1000 1607 1040 extanti

90 1071 247 1109 Vossius
277 1071 316 1109 in
346 1071 524 1120 margine
554 1069 746 1109 lectiones
776 1069 923 1108 codicis
955 1069 1135 1108 Vlittera
1165 1069 1215 1108 ab
1244 1070 1331 1120 ipso
1363 1069 1506 1119 signati
1537 1067 1604 1106 ad-

88 1139 244 1189 scripsit
280 1137 327 1176 ad
359 1137 518 1177 ultimos
556 1150 690 1176 versus
720 1138 905 1177 carminis
939 1137 1159 1176 Tibulliani
1185 1137 1233 1175 IV
1266 1134 1337 1181 14,
1376 1135 1425 1174 ad
1455 1137 1606 1174 catale-

85 1210 165 1252 σία,
196 1216 352 1253 copam,
384 1216 512 1254 rosas,
545 1206 671 1253 diras,
703 1209 910 1253 moretum,
943 1205 1118 1243 carmina
1148 1205 1300 1243 anthol.
1332 1205 1476 1243 Burm.
1500 1204 1531 1242 V
1555 1201 1606 1242 13

87 1271 194 1321 (item
223 1272 264 1309 in
299 1270 352 1322 V)
387 1269 467 1309 142
499 1270 604 1322 (item
633 1272 675 1309 in
704 1271 794 1323 HR)
827 1271 842 1309 I
872 1269 928 1310 42
959 1273 1065 1323 (item
1096 1272 1138 1310 in
1164 1272 1304 1324 HRF)
1337 1269 1463 1311 11151
1496 1272 1605 1320 (item

82 1338 123 1376 in
152 1338 305 1389 HRV).
364 1337 470 1376 idem
501 1343 560 1376 est
589 1338 654 1378 hic
682 1337 803 1384 liber,
837 1339 947 1378 cuius
978 1340 1196 1391 scripturas
1227 1352 1275 1378 ex
1305 1340 1432 1379 Vossii
1461 1339 1607 1378 notatis

83 1405 296 1457 descripsi,
336 1411 452 1455 atque
483 1418 598 1457 quem
637 1405 912 1445 ‘chartac-eum
945 1407 1092 1446 Vossii'
1124 1408 1375 1446 Burmannus
1405 1405 1605 1458 appellare

82 1471 199 1518 solet,
242 1485 263 1511 a
304 1472 452 1511 Naekio
490 1486 528 1524 p.
558 1471 640 1512 347
681 1473 810 1512 dictus
848 1475 1145 1513 ‘Vossianus
1177 1475 1250 1513 1.³:
1290 1476 1376 1526 ipse
1411 1474 1541 1513 littera
1573 1474 1609 1512 Z

82 1541 277 1591 insignem
318 1552 404 1580 esse
435 1540 560 1586 volui,
604 1542 669 1579 cui
699 1540 936 1593 ubicumque
964 1541 1128 1581 Aldinae
1159 1542 1356 1581 secundae
1387 1547 1519 1581 notam
1551 1542 1604 1593 (α)

83 1607 260 1659 adposui,
294 1607 352 1646 vel
380 1607 621 1658 ubicumque
641 1608 747 1647 idem
769 1608 818 1647 de
840 1615 1010 1659 utroque
1033 1614 1169 1654 testor,
1201 1609 1406 1648 sciendum
1440 1615 1508 1654 est,
1542 1621 1605 1647 me

83 1674 132 1713 de
163 1675 419 1726 manuscripti
449 1681 557 1714 textu
589 1676 857 1715 coniecturam
890 1688 939 1715 ex
968 1676 1126 1715 silentio
1156 1677 1284 1716 Vossii
1315 1677 1470 1716 secisse.

194 1776 466 1815 Vaticanus
495 1773 607 1815 3252
637 1775 805 1815 membr.
834 1788 935 1817 saec.
960 1776 1013 1816 IX
1044 1777 1195 1817 altioris
1225 1779 1376 1818 formae
1399 1778 1487 1818 solia
1511 1791 1604 1817 con·

83 1843 180 1882 tinet
209 1842 350 1882 XXXII
388 1845 429 1882 in
467 1843 795 1894 quaternionibus
826 1843 885 1890 IV,
924 1845 976 1884 ita
1008 1854 1051 1884 ut
1087 1847 1127 1884 in
1159 1845 1262 1885 soliis
1294 1846 1454 1885 I-—VllI
1485 1859 1604 1898 quae-

82 1923 158 1962 que
188 1913 327 1963 pagina
358 1909 425 1956 36,
458 1912 497 1950 in
529 1911 785 1963 sequentibus
814 1910 868 1951 38
901 1925 1037 1952 versus
1069 1912 1266 1953 exhibeat.
1316 1914 1454 1953 insunt
1484 1913 1601 1953 haec:

194 1978 260 2018 soi.
295 1977 316 2017 1
348 1979 534 2018 ‘Servius
564 1984 748 2019 tractans
777 1982 818 2019 in
848 1982 1054 2029 uiryilium
1084 1981 1186 2020 haec
1216 1982 1338 2020 dicit'
1370 1993 1403 2020 e.
1437 1995 1474 2033 q.
1507 1994 1536 2019 s.

193 2045 260 2085 sol.
290 2043 318 2084 2
347 2047 430 2085 ‘De
459 2047 664 2085 nobilitate
693 2059 743 2086 ac
770 2049 836 2087 die
864 2053 984 2097 alque
1013 2053 1190 2098 tempore
1218 2049 1456 2088 Natiuitatis
1486 2056 1605 2099 atque

79 2115 332 2162 lonyitudine
367 2115 516 2164 teporis
549 2115 668 2153 [sitae
699 2115 834 2164 publii
868 2117 1026 2163 uirqilii
1051 2117 1230 2155 maronis
1260 2118 1453 2166 discipuli
1479 2118 1607 2166 epidii

82 2183 255 2220 oratoris
284 2183 448 2231 incipit’
482 2193 515 2219 e.
548 2194 586 2233 q.
617 2194 647 2220 s.

193 2249 206 2268 ‘
228 2249 371 2289 Versus
402 2251 530 2288 ouidii
564 2251 728 2288 nasonis
758 2251 807 2287 de
838 2252 1013 2299 uirqilio.
1084 2251 1277 2299 Viryilius
1305 2263 1448 2300 mayus
1477 2263 1602 2301 quau-

81 2321 160 2355 tum
190 2320 384 2355 concessit
410 2317 573 2355 homero
604 2346 613 2355 .
649 2347 658 2355 .
694 2346 703 2354 .
730 2320 1014 2366 praeposuisse
1043 2319 1149 2357 tihi'.
1211 2319 1357 2369 (Burm.
1389 2318 1535 2358 anthol.
1571 2319 1603 2358 II

84 2381 176 2426 192,
209 2383 257 2422 Μ.
290 2381 400 2435 862).

193 2449 259 2488 sol.
317 2447 382 2489 2⁹·
415 2451 553 2500 Culex,

223 2540 240 2549 ·
318 2515 377 2557 8ss
409 2519 546 2567 Dirae,

223 2606 237 2613 -
290 2583 379 2624 10v·
412 2587 535 2635 δορα,

222 2673 236 2681 -
290 2651 339 2691 11
404 2653 473 2692 Est
502 2658 540 2691 et
569 2665 662 2693 non.
724 2653 783 2692 De
811 2655 1053 2695 institutione
1082 2658 1163 2696 viri
1188 2658 1295 2698 boui.

222 2740 237 2748 —
290 2717 342 2758 12
401 2721 460 2758 Be
494 2721 607 2760 Rosis
637 2724 903 2762 nascentibus.

399 2788 610 2827 Moretum.
