1884 3126
724 141 857 169 cAPu'r
889 141 953 168 111.
1551 124 1605 167 47

83 252 219 293 codice
258 254 424 305 repetita
466 265 554 293 esse
592 252 755 305 praebet
787 253 820 292 L
851 264 884 291 ν.
920 248 1001 290 102
1031 255 1197 301 tempsa.
1258 250 1325 289 sed
1358 249 1482 290 multo
1513 263 1607 290 sane

82 321 194 373 plura
226 326 375 361 temere
405 320 643 374 interpolata
674 325 778 367 sunt,
812 333 858 360 ex
889 318 1035 370 quihus
1065 318 1252 371 pleraque
1284 319 1401 358 etiam
1432 319 1474 358 in
1506 330 1526 358 ε
1547 317 1607 357 vel

82 402 110 428 α
140 388 199 428 vel
238 389 278 428 in
309 394 498 440 utroque,
541 389 734 440 quaedam
771 393 979 440 praeterea
1008 387 1047 427 in
1079 387 1115 426 Α
1145 385 1345 437 leguntur.
1391 384 1607 436 singularia

82 468 205 508 pauca
235 462 344 497 sunt:
377 469 410 496 v.
443 454 497 496 38
528 458 696 506 caelum,
732 454 787 496 92
816 458 955 504 laetos,
993 451 1073 494 196
1099 456 1258 505 fluvios.

195 524 328 564 Restat
358 529 401 564 ut
431 523 532 564 bene
563 529 764 564 correctos
794 524 834 563 in
860 524 908 569 A,
941 535 972 568 ε,
1006 536 1034 562 α
1065 520 1359 575 exemplaribus
1379 520 1488 560 locos
1510 533 1606 560 enu-

82 604 252 632 merem:
284 593 325 631 in
356 593 392 631 A
420 604 454 631 v,
482 589 561 632 189
591 593 696 632 tante·
722 593 898 641 sceleris,
931 591 971 630 in
1003 603 1022 632 ε
1054 604 1087 630 ν.
1109 588 1195 630 344
1223 592 1486 640 restinquens,
1519 590 1559 628 in
1583 602 1609 628 α

84 672 116 698 v.
139 657 195 698 32
225 661 410 708 deiectus,
445 657 524 699 126
554 671 666 711 caro,
701 657 778 700 127
810 671 924 710 quem
958 659 1021 711 (εἴ.
1042 659 1089 711 ε),
1125 656 1205 699 158
1236 659 1294 698 ad
1321 659 1607 705 ulciscendum,

86 725 165 767 187
194 729 364 767 miserae
385 729 642 778 proponitur,
673 725 756 768 277
787 739 850 776 ne,
883 725 967 768 283
996 729 1122 773 tristi,
1154 724 1238 767 295
1267 733 1429 777 erepta,
1464 738 1486 766 o
1517 726 1611 765 Bri-

84 796 265 844 tomarti,
307 792 392 835 296
422 796 685 845 Britomarti,
731 793 814 835 297
845 807 914 843 ne,
956 793 1037 836 321
1069 807 1158 846 spes
1186 797 1262 845 sit,
1309 792 1391 835 327
1424 805 1494 844 ne,
1528 791 1613 833 329

84 874 233 912 amore,
266 861 350 902 340
378 864 453 913 his,
486 861 570 904 362
599 866 790 915 conficta,
822 861 907 903 364
936 865 1115 913 quaerit,
1149 860 1234 902 366
1264 867 1321 911 ut,
1354 860 1436 902 367
1467 866 1608 910 essent,

84 928 165 970 397
197 932 390 970 alternas.
450 944 497 971 ex
528 931 671 984 quibus
710 930 925 984 praeclaris
962 931 1105 983 partim
1145 929 1488 970 emendationibus
1519 940 1610 967 num

86 1009 188 1057 guae
223 998 300 1037 iam
339 1003 430 1041 ante
459 998 599 1041 Aldum
636 1000 679 1040 in
718 1000 804 1039 aliis
842 998 1080 1042 editionibus
1117 997 1426 1050 antiquioribus,
1467 996 1613 1048 quibus

86 1065 144 1105 uti
173 1065 270 1105 mihi
299 1077 378 1107 non
408 1065 530 1113 licuit,
563 1068 790 1119 propositae
821 1068 901 1110 sint
929 1068 1078 1109 nescio.

200 1132 386 1174 Ceterum
423 1139 633 1187 postquam
663 1134 855 1187 Hauptius
892 1136 932 1175 in
963 1133 1224 1177 relationibus
1254 1134 1469 1173 menstruis
1500 1132 1610 1173 acad.

88 1199 260 1240 Berolin.
293 1213 328 1241 a.
361 1199 469 1242 1858
498 1215 536 1254 p.
570 1200 653 1243 659
682 1215 767 1255 sqq.
799 1215 892 1245 suas
923 1202 1219 1243 emendationes
1249 1201 1440 1247 defendit,
1472 1200 1611 1240 relleta

87 1267 136 1307 ab
168 1281 214 1307 eo
245 1268 436 1321 quaedam
473 1269 670 1322 quomodo
706 1270 951 1310 restituenda
990 1282 1075 1310 esse
1111 1269 1341 1309 viderentur
1377 1269 1542 1322 exposui
1571 1270 1612 1307 in

87 1347 186 1375 mus.
216 1335 342 1376 Rhen.
374 1335 493 1376 XVIII
523 1350 561 1389 p.
597 1334 679 1378 100
706 1349 790 1390 sqq.

157 1553 159 1558 ’
202 1540 465 1581 Cataleeta
505 1540 644 1584 eodem
687 1540 826 1584 ordine
865 1541 1020 1582 diverso
1058 1540 1126 1581 illo
1157 1541 1205 1582 ab
1246 1542 1443 1596 expressis
1478 1554 1609 1582 exem-

88 1605 266 1659 plaribus
295 1607 484 1660 leguntur
514 1610 554 1648 in
579 1610 732 1656 BHRe,
763 1609 812 1649 de
834 1611 912 1649 XZ
941 1611 1165 1650 testimonia
1197 1609 1351 1651 desunt.
1412 1610 1481 1650 sed
1512 1610 1612 1650 Nae-

87 1673 176 1713 kius
206 1674 312 1731 quod
343 1676 439 1719 nihil
471 1676 682 1722 adnotavit,
716 1689 808 1717 eave
836 1689 886 1716 ne
907 1678 1121 1729 suspiceris
1140 1678 1181 1717 in
1202 1679 1249 1718 Χ
1265 1679 1345 1718 sive
1367 1679 1558 1717 Vossiano
1579 1677 1614 1716 ΙΙ

89 1740 290 1792 vulgatum
321 1743 501 1787 ordinem
532 1743 582 1785 ab
614 1757 660 1786 eo
691 1748 897 1797 repertum
926 1745 1070 1790 suisse;
1102 1757 1192 1784 nam
1223 1744 1413 1785 simillimi
1442 1746 1548 1785 inter
1570 1757 1612 1783 se

89 1808 148 1847 vel
169 1822 334 1861 prorsus
362 1812 508 1863 gemini
537 1817 629 1851 sunt
648 1813 726 1852 Χε.
778 1813 1031 1852 consentiunt
1058 1810 1149 1852 libri
1177 1813 1305 1852 nostri
1333 1824 1471 1852 omnes
1498 1825 1612 1864 prae-

91 1877 220 1917 missis
239 1879 414 1932 priapeis
442 1878 568 1919 tribus
599 1892 699 1932 quae
719 1880 937 1919 secundum
969 1879 1163 1920 librorum
1185 1881 1460 1919 auctoritatem
1483 1880 1613 1919 denuo

90 1943 269 1984 addenda
301 1958 385 1985 esse
417 1946 618 1987 catalectis
648 1947 819 1987 Naekius
850 1949 1002 1989 monuit
1032 1948 1112 1988 Cat.
1145 1959 1183 2002 p.
1212 1945 1308 1987 228.
1369 1960 1443 1987 nec
1473 1947 1615 1987 desunt

88 2013 272 2052 vitiorum
293 2014 472 2066 exempla
493 2013 700 2054 obviorum
722 2014 781 2055 vel
801 2016 841 2054 in
863 2016 1112 2056 BHRXZea
1132 2014 1211 2067 (11²le
1236 2012 1288 2055 18
1309 2027 1427 2064 crux,
1452 2015 1539 2054 ΙΙΙ*
1564 2014 1615 2056 15

89 2082 314 2131 sanquinea
352 2086 390 2121 et
426 2094 565 2134 arma,
608 2081 658 2123 17
689 2084 786 2134 hoc,
824 2083 840 2122 I
875 2082 909 2122 1.
942 2081 968 2123 3
999 2085 1159 2133 Dequa,
1198 2082 1232 2121 11
1261 2080 1288 2120 2
1318 2087 1518 2134 tyrannus
1554 2083 1614 2122 vel

90 2149 189 2198 siin„
222 2148 275 2188 ΙΙΙ
303 2146 329 2189 3
359 2154 410 2195 et,
442 2149 512 2190 1111
543 2147 570 2190 9
601 2149 682 2196 bis,
722 2163 803 2190 non
834 2156 895 2190 ter
926 2152 1139 2203 repetitum
1170 2151 1385 2199 thalassio,
1429 2151 1459 2189 V
1487 2148 1513 2190 6
1544 2153 1615 2191 ad-

89 2217 177 2267 sim,
210 2215 234 2256 7
261 2221 313 2267 et,
341 2215 479 2257 .v1116
501 2219 652 2267 domus,
689 2216 741 2258 16
763 2220 1000 2268 deposuisse,
1033 2218 1102 2257 XII
1123 2215 1149 2257 9
1170 2223 1266 2258 nutu
1297 2222 1336 2256 et
1366 2219 1490 2264 dedit,
1511 2218 1618 2258 XIIII

89 2281 117 2322 2
147 2284 288 2336 dura),
327 2284 386 2324 vel
416 2286 458 2324 in
489 2286 709 2326 BHRXZe
741 2286 838 2337 ml*
870 2284 897 2324 2
926 2287 1054 2335 caris,
1094 2285 1146 2325 XI
1177 2284 1233 2326 30
1259 2287 1464 2335 qrauidae
1492 2288 1613 2337 quod,

92 2349 148 2390 32
176 2353 338 2401 similis,
375 2350 431 2391 46
459 2358 659 2404 sternere,
698 2351 755 2393 50
784 2365 885 2403 non,
916 2352 1006 2393 XIII
1036 2351 1062 2392 6
1091 2354 1244 2406 multa).
1305 2353 1374 2393 sed
1406 2366 1454 2394 ex
1483 2353 1546 2394 his
1577 2355 1617 2394 B

94 2419 237 2458 ceteris
266 2418 390 2459 multo
420 2420 549 2459 rarius
579 2424 789 2472 corruptus
821 2424 891 2466 est,
922 2425 966 2460 ut
996 2421 1062 2473 qui
1083 2433 1172 2461 vera
1193 2420 1384 2473 praebeat
1403 2421 1508 2462 solus
1529 2422 1614 2462 ΙΙΙ*

92 2484 118 2526 6
144 2488 330 2536 filiusque
366 2488 618 2537 adulescens,
659 2485 686 2527 9
714 2500 837 2528 manu
870 2488 1012 2536 ferens
1051 2487 1115 2540 (cf.
1147 2487 1245 2540 Za),
1288 2487 1338 2528 17
1362 2491 1517 2540 priapo
1546 2497 1613 2536 est,

92 2553 109 2594 I
138 2552 166 2594 5
196 2556 351 2599 audiui,
383 2555 451 2595 VII
483 2554 505 2594 1
537 2557 753 2606 ampullae,
787 2555 871 2596 Vlll
896 2554 948 2596 19
977 2558 1189 2607 utrimque,
1222 2553 1275 2595 21
1304 2564 1483 2607 praeter,
1516 2557 1568 2597 XI
1588 2556 1614 2597 6

96 2624 274 2671 oenides,
307 2620 360 2662 21
393 2622 520 2672 diuei,
561 2620 616 2663 23
647 2635 670 2663 o
699 2628 749 2673 te,
789 2621 845 2663 24
874 2625 1007 2664 altera
1036 2635 1117 2664 non
1148 2624 1332 2673 etfama
1362 2629 1400 2664 et
1429 2637 1529 2671 esse,
1560 2624 1616 2666 35

94 2701 173 2729 non
201 2692 314 2730 cuius
343 2691 404 2736 ob,
434 2688 490 2730 55
519 2694 656 2730 tantas
685 2702 766 2730 non
795 2693 977 2741 inquam,
1010 2689 1063 2731 61
1095 2693 1284 2742 aspirare
1314 2698 1353 2732 et
1380 2695 1432 2739 si,
1471 2692 1559 2732 XIII
1588 2692 1615 2733 5

94 2759 162 2797 cui
186 2759 332 2807 iuueni,
366 2756 391 2798 7
417 2759 566 2808 phoebi
593 2759 741 2798 chorus
769 2760 929 2811 ipseque
952 2760 1145 2809 phoebus,
1178 2758 1283 2799 XIIII
1312 2758 1341 2799 4
1371 2761 1470 2810 quid
1496 2763 1614 2800 inme-

97 2825 186 2874 riti,
218 2823 252 2879 ‚8
281 2826 411 2873 hune;
449 2825 597 2866 indicet
619 2825 770 2867 'saltem
802 2826 964 2867 meliora
994 2827 1062 2867 Π*
1096 2826 1168 2874 18,
1206 2827 1293 2867 ΠΙ*
1325 2826 1363 2878 8,
1395 2828 1410 2867 l
1442 2826 1479 2879 6,
1514 2829 1543 2867 V
1572 2827 1612 2872 5.
