1884 3126
847 176 981 204 cAPUT
1012 177 1073 203 111.
1671 161 1727 203 53

194 301 362 340 cumque
401 289 493 329 olim
534 290 575 328 in
606 289 712 329 silvis
750 289 894 328 cecinit
925 293 1054 340 poeta.
1116 294 1199 327 tum
1230 288 1263 327 si
1292 286 1368 326 hoc
1402 286 1605 332 voluisset,
1647 301 1726 327 non

194 357 363 410 amplius
392 358 527 398 silvani
558 363 831 397 resonaturam
863 369 949 396 esse
981 369 1142 396 carmen
1173 355 1280 401 illud,
1315 367 1393 394 nou
1414 367 1536 406 saepe
1556 355 1726 396 debebat

193 425 357 465 adderc:
397 438 487 465 uam
525 425 663 465 relicta
700 424 795 464 silva
826 430 915 477 post
946 423 1166 464 discessum
1198 423 1371 463 cantoris
1402 436 1452 462 ue
1482 422 1604 462 semel
1636 425 1722 475 qui·

193 493 282 532 dem
323 494 407 533 eius
445 505 580 532 vocem
620 492 789 532 reddere
827 496 983 544 poterat
1021 491 1132 531 echo.
1195 491 1366 543 denique
1405 490 1595 530 abhorret
1637 491 1724 531 talis
1757 484 1759 486 ’

193 560 366 613 querella
397 574 416 600 a
449 566 674 600 ceterorum
712 572 896 600 versuum
935 559 1265 619 intercala1·ium‚¹
1290 560 1331 598 in
1363 558 1508 610 quilius
1539 559 1724 598 Battarus

193 631 314 673 inest,
354 628 560 668 sententia.
621 640 695 667 nec
734 633 842 666 certa
885 627 981 667 fides
1022 633 1081 667 est
1118 627 1279 667 voculae
1316 639 1410 674 nec,
1458 639 1530 679 pro
1569 638 1644 677 qua
1684 627 1723 665 iu

192 696 381 736 Thuaneo
426 697 558 741 Haec,
603 697 643 734 in
683 694 989 734 Helmstadieusi
1027 697 1114 735 Hec
1152 695 1337 740 traditur,
1386 699 1428 734 ut
1466 707 1635 747 pronum
1674 695 1722 733 sit

191 764 402 803 emendare

389 846 462 882 lzoc
493 846 579 881 mihi
609 857 717 894 saepe
748 857 867 882 meum
898 839 1108 887 resonabit,
1129 846 1283 887 Battare,
1314 857 1458 883 carmen

188 933 338 973 leniore
371 933 547 973 remedio
579 946 696 985 quam
728 946 805 986 quo
838 946 931 973 usus
963 938 1022 973 est
1053 933 1312 979 Goebbelius,
1347 935 1414 985 qui
1443 933 1639 973 levissima
1672 933 1721 972 de

189 1014 308 1042 causa
346 1001 483 1040 decem
522 1013 703 1041 versuum
743 1001 946 1053 stropham
985 1002 1178 1042 excidisse
1216 1002 1404 1048 coniecit,
1451 1001 1557 1041 uude
1596 1014 1628 1041 v.
1666 999 1722 1041 30

189 1069 348 1108 ultimus
378 1068 540 1108 relictus
571 1070 633 1108 sit.
694 1068 860 1120 pulchre
892 1071 997 1109 enim
1028 1070 1102 1109 lios
1132 1071 1241 1122 ipsos
1274 1082 1430 1115 versus,
1463 1068 1608 1120 quibus
1640 1069 1720 1108 sor-

190 1150 323 1176 mosae
354 1136 508 1187 sibique
540 1136 819 1176 dilectissimae
850 1137 968 1177 silvae
998 1138 1074 1177 sata
1107 1137 1227 1189 luget,
1261 1138 1424 1189 ‘saepe'
1457 1137 1530 1176 sibi
1563 1125 1603 1175 iu
1635 1150 1717 1176 me-

189 1205 353 1244 moriam
384 1204 582 1243 redituros
613 1217 701 1244 esse
731 1204 912 1244 adfirmat
943 1205 1031 1244 exul
1062 1207 1182 1245 socio.

302 1272 489 1322 Sequitur
518 1271 610 1311 inde
642 1284 662 1311 a
694 1285 726 1310 v.
758 1270 813 1312 48
845 1274 959 1313 tertia
989 1273 1166 1313 dirarum
1196 1286 1301 1325 pars,
1341 1285 1416 1324 qua
1447 1273 1719 1313 inundationis

186 1352 330 1391 genera
362 1340 466 1378 varia
499 1344 753 1392 exoptantur:
787 1341 849 1379 cui
881 1340 1089 1393 ephymuia
1119 1342 1353 1393 interposita
1375 1341 1543 1394 legimus
1566 1342 1642 1381 duo
1663 1338 1720 1382 54

420 1433 562 1468 tristius
594 1433 673 1473 hoc,
706 1435 864 1474 memini,
898 1435 1074 1471 revocasti
1106 1435 1248 1471 Battare
1280 1446 1424 1471 carmen

187 1492 226 1527 et
256 1486 328 1527 71:

418 1546 562 1583 dulcius
594 1547 674 1587 hoc.
707 1549 863 1589 memini,
897 1549 1075 1585 revocasti
1106 1549 1250 1585 nauare
1280 1559 1438 1586 carmen.

185 1648 225 1686 iu
265 1645 408 1698 quibus
445 1645 504 1685 vel
541 1648 704 1686 memini
739 1646 834 1685 illud
875 1647 1018 1686 docere
1056 1649 1295 1699 interpretes
1333 1654 1507 1700 poterat,
1547 1661 1626 1687 uon
1665 1647 1714 1687 de

186 1719 303 1753 cantu
342 1715 475 1753 nescio
514 1726 592 1765 quo
631 1726 736 1753 nunc
777 1727 797 1753 a
836 1715 996 1754 Battaro
1035 1716 1185 1754 inserto
1230 1727 1454 1755 sermonem
1497 1728 1601 1761 esse,
1643 1715 1713 1755 sed

185 1782 276 1821 dum
321 1782 466 1833 repetit
503 1782 707 1833 praeteriti
745 1784 935 1834 temporis
972 1783 1223 1828 memoriam,
1272 1784 1500 1822 meminisse
1538 1795 1580 1822 se
1619 1783 1714 1822 dicit

185 1855 299 1902 poeta
332 1861 448 1900 quam
480 1849 596 1888 modo
628 1850 731 1889 tristi
762 1850 879 1889 modo
912 1849 1016 1889 dulci
1047 1863 1145 1890 sono
1176 1850 1305 1890 fistula
1340 1851 1488 1890 Battari
1521 1850 1623 1890 lianc
1656 1850 1714 1890 vel

185 1917 289 1956 illam
320 1916 541 1968 stropham,
583 1929 671 1956 cum
704 1918 875 1969 primum
908 1923 1060 1957 cantata
1093 1918 1155 1963 sit,
1187 1919 1449 1964 revocaverit,
1482 1918 1519 1957 h.
1554 1931 1587 1958 e.
1622 1931 1712 1970 pro-

184 1990 318 2024 secuta
355 1984 486 2023 suerit.
549 1985 701 2023 tristius
737 1990 867 2024 autem
900 1991 1210 2025 consentaneum
1244 1993 1302 2026 est
1334 1999 1423 2026 eum
1455 1992 1713 2038 prosecutum

185 2065 269 2092 csse
306 2053 620 2095 execrationem,
667 2065 743 2104 qua
782 2053 820 2092 in
853 2053 986 2105 Syrtin
1026 2053 1189 2092 alteram
1231 2059 1272 2092 ut
1312 2053 1591 2093 secundissima
1624 2067 1714 2094 arva

185 2125 431 2160 mutarentur
461 2124 663 2171 optaverat
693 2120 889 2160 dominus.
940 2122 1069 2160 minus
1101 2121 1215 2160 facile
1247 2122 1497 2173 perspicitur,
1530 2133 1602 2161 cur
1633 2121 1711 2161 lae-

185 2189 259 2227 tior
291 2186 349 2227 vel
381 2186 533 2227 dulcior
563 2187 716 2227 fistulae
748 2194 886 2228 cantus
919 2194 1008 2240 post
1036 2188 1100 2227 illa
1132 2188 1271 2232 suerit,
1314 2188 1381 2227 ubi
1410 2188 1572 2228 flumina
1603 2190 1713 2228 invo-

183 2261 340 2300 cantur,
374 2261 418 2295 ut
449 2256 582 2294 effusis
613 2267 684 2307 per
715 2268 875 2307 campos
906 2255 1090 2295 fluctibus
1120 2269 1198 2295 nou
1232 2257 1363 2302 minus
1394 2256 1553 2296 inutiles
1585 2263 1722 2297 arato—-

182 2323 292 2363 ribus
323 2324 495 2362 efficiant
525 2334 640 2373 agros
673 2335 788 2373 quam
820 2325 1022 2363 invocatus
1051 2337 1170 2375 supra
1192 2324 1412 2375 Neptunus.
1463 2337 1552 2364 uam
1577 2325 1712 2365 Nackii

182 2391 453 2442 interpretatio
484 2390 580 2428 ferri
610 2402 690 2428 nou
720 2395 861 2442 potest,
894 2403 970 2443 qua
1001 2391 1125 2430 felicis
1157 2391 1250 2431 olim
1282 2393 1475 2444 temporis
1506 2394 1710 2433 recordari

183 2462 345 2509 putatur
384 2462 522 2508 poeta,
566 2469 656 2496 cum
697 2457 833 2497 dulces
873 2458 1012 2498 modos
1051 2459 1234 2499 Battarus
1273 2460 1570 2507 modulabatur,
1614 2462 1711 2502 tales

184 2525 364 2575 quidem,
404 2525 444 2563 iu
484 2523 619 2576 quales
657 2537 782 2568 nuuc,
824 2525 915 2565 dum
954 2527 1159 2579 proximos
1199 2540 1336 2567 versus
1372 2530 1570 2579 sequitur,
1609 2530 1712 2570 sorte

182 2594 338 2632 fortuna
369 2591 582 2631 incidisset.
645 2595 854 2633 temeraria
887 2606 977 2633 vero
1010 2582 1215 2634 Goebbelii
1247 2596 1380 2647 opinio
1413 2601 1491 2642 est,
1524 2598 1590 2649 qui
1622 2611 1711 2637 sen-

182 2673 296 2700 suum
328 2659 435 2699 nulla
466 2661 619 2700 ratione
650 2660 782 2701 habita
813 2661 976 2701 alternis
1007 2662 1157 2702 vicibus
1187 2665 1342 2703 tristius
1370 2670 1458 2715 post
1489 2677 1522 2703 v.
1546 2663 1611 2705 53.
1643 2663 1710 2705 62.

183 2727 255 2773 71,
289 2730 447 2768 dulcius
483 2734 574 2780 post
605 2741 638 2767 V.
669 2726 736 2769 57.
769 2726 835 2769 65.
868 2727 923 2769 66
962 2730 1128 2770 rediisse
1159 2735 1337 2771 statuens
1376 2737 1515 2783 quater
1546 2745 1617 2773 suo
1649 2747 1708 2773 ar-

162 2796 301 2835 ‘hin-io
334 2797 502 2835 inseruit
534 2808 688 2836 versum
722 2808 848 2847 eoque
879 2796 963 2837 solo
995 2796 1083 2837 loco
1116 2797 1184 2838 ubi
1214 2798 1381 2839 traditur
1411 2799 1524 2840 libris
1555 2803 1711 2842 dulcius

186 2864 346 2903 mutavit
374 2865 415 2903 in
446 2866 610 2904 tristius.
672 2866 792 2904 immo
822 2863 930 2906 Solus
963 2871 1043 2906 toto
1074 2867 1116 2906 in
1147 2868 1321 2907 carmine
1351 2866 1482 2914 locus,
1523 2870 1591 2922 qui
1622 2869 1708 2909 dul-
