1884 3126
347 213 424 253 106
1028 229 1147 256 cuns.

454 339 563 376 cuius
594 349 707 387 quam
738 342 886 376 servata
917 337 981 375 diu
1012 343 1147 376 natura
1180 338 1323 383 suisset,

454 414 528 448 tam
561 410 724 460 patriam
754 409 987 448 incolumem
1018 409 1098 448 Nisi
1128 421 1368 461 regnumque
1399 411 1570 449 futurum
1630 432 1633 434 -

453 480 665 520 concordes
694 480 821 519 stabili
855 482 1058 519 firmarunt
1087 483 1243 520 numine
1272 494 1422 532 parcae.
1749 484 1824 521 125

455 565 546 604 crgo
577 554 703 592 omnis
733 564 823 590 caro
853 552 1048 591 residebat
1077 565 1169 592 cura
1200 553 1351 604 capillo,

454 637 570 664 aurea
601 623 779 663 sollemni
809 629 1005 675 comptum
1035 637 1149 676 quem
1179 625 1293 664 fibula
1324 626 1399 665 ritu

454 698 663 748 Cecropiae
694 697 806 734 tereti
837 696 1016 735 nectebat
1045 697 1160 736 dente
1191 697 1356 736 cicadae.

507 769 586 806 Nec
615 781 704 806 vero
735 768 830 806 hacc
860 767 967 807 urbis
997 768 1168 807 custodia
1199 781 1293 808 vana
1324 770 1469 813 fuisset,

454 853 525 878 nec
555 845 703 884 ruerat,
735 841 774 878 ni
804 839 927 890 Scylla
959 852 1057 878 novo
1088 845 1265 892 correpta
1296 841 1440 884 surore,
1750 843 1828 880 130

454 911 598 962 Scylla,
630 912 751 962 patris
782 913 915 950 miseri
943 913 1168 962 patriaeque
1198 914 1351 951 inventa
1382 912 1641 963 sepulchrum,

455 997 476 1020 o
507 984 667 1022 nimium
698 983 846 1034 cupidis
876 984 1000 1022 Minoa
1032 983 1216 1022 inhiasset
1246 984 1388 1023 ocellis.

453 1055 518 1094 sed
550 1055 672 1093 malus
702 1054 765 1093 ille
795 1067 911 1106 puer,
943 1067 1059 1106 quem
1089 1068 1161 1094 nec
1190 1068 1257 1095 sua
1289 1056 1443 1095 [lectere
1475 1060 1596 1094 mater

453 1129 593 1166 iratum
624 1128 765 1177 potuit,
797 1139 911 1177 quem
943 1139 1014 1165 nec
1044 1131 1152 1178 pater
1182 1131 1296 1178 atque
1326 1140 1417 1167 avus
1446 1127 1549 1165 idem

454 1200 626 1250 luppiter
658 1198 734 1249 (ille
765 1199 878 1237 etiam
909 1199 1059 1237 Poenos
1089 1198 1259 1238 dormire
1289 1199 1422 1238 lconcs
1753 1201 1830 1238 135

455 1275 493 1308 et
521 1270 674 1308 rabidas
705 1270 835 1308 docuit
864 1271 965 1309 vires
995 1283 1267 1310 mansuescere
1297 1273 1418 1321 tigris,

454 1341 517 1381 ille
549 1343 662 1381 etiam
693 1341 818 1389 divos,
851 1341 1026 1381 homines
1058 1365 1106 1370 -
1139 1342 1205 1381 scd
1237 1343 1366 1381 dicere
1397 1354 1577 1392 magnum
1609 1343 1693 1392 est),

454 1414 557 1452 idem
589 1420 669 1452 tum
701 1414 819 1452 tristis
850 1414 1010 1452 acuebat
1039 1414 1218 1465 parvulus
1247 1416 1336 1453 iras.

457 1485 613 1524 lunonis
643 1497 823 1535 magnae,
856 1487 963 1525 cuius
992 1487 1162 1536 periuria
1194 1486 1303 1524 divae

456 1556 546 1595 olim
577 1556 616 1594 di
646 1558 870 1602 meminere,
904 1562 945 1596 ut
972 1558 1049 1596 iam
1078 1559 1234 1609 periura
1263 1557 1413 1608 puellae
1752 1558 1831 1595 140

455 1628 553 1667 nulli
583 1640 660 1668 non
690 1629 849 1674 liceant,
882 1629 1087 1669 violaverat
1116 1630 1235 1668 inscia
1265 1629 1409 1674 sedem,

431 1791 509 1827 124
539 1792 610 1827 Nisi
647 1803 685 1828 se
722 1794 763 1828 H
797 1793 872 1827 inse
913 1792 943 1827 R
1073 1791 1150 1828 125
1183 1793 1234 1838 cf.
1277 1794 1345 1827 ccl.
1385 1792 1428 1826 IV
1458 1790 1508 1826 47
1610 1790 1766 1825 firmarat
1795 1791 1830 1826 R

346 1848 522 1882 firmarant
553 1849 681 1883 maluit
701 1848 874 1894 Heym'us
958 1848 1100 1882 numina
1129 1848 1171 1882 H
1282 1847 1358 1883 126
1380 1858 1459 1881 caro
1479 1841 1527 1880 ecl
1560 1856 1646 1881 cano
1667 1846 1830 1881 AHLRe

1795 1902 1811 1920 0

431 1935 507 1972 127
538 1936 677 1983 solepni
708 1937 750 1971 H
776 1935 923 1971 solemni
955 1936 989 1971 R
1075 1946 1178 1982 quem
1210 1936 1372 1980 Locnsis,
1405 1947 1429 1969 α
1459 1917 1548 1981 340
1579 1946 1624 1969 m.
1651 1931 1690 1979 2)
1720 1934 1762 1968 H
1789 1944 1829 1979 q:

346 2027 375 2061 L
405 2018 448 2072 q}
479 2035 498 2061 ε
529 2034 648 2071 quoq}
679 2019 763 2060 Roc¹
881 2023 957 2060 128
988 2024 1173 2070 Cecropiae
1205 2024 1377 2070 Scaliycr
1406 2022 1585 2069 Corpsclle
1614 2023 1654 2057 H
1682 2021 1830 2068 Gorpse-

347 2082 399 2116 lac
420 2085 454 2119 R
486 2079 641 2115 Corscllc
671 2079 755 2116 ΑΖΕ
786 2079 968 2126 Mopsopio
999 2091 1023 2113 α
1053 2078 1218 2125 crohylus
1250 2084 1285 2114 et
1304 2079 1459 2114 Locnsis
1519 2108 1521 2110 .
1571 2076 1734 2112 nectebat
1753 2077 1831 2112 Lea

347 2137 532 2173 nectebant
563 2135 637 2170 HR
731 2134 846 2170 cicade
876 2135 910 2170 R
1031 2133 1106 2169 129
1138 2133 1234 2169 urbis
1266 2134 1446 2169 Heinsius
1477 2131 1576 2167 uobis
1607 2133 1739 2167 HLRa
1769 2141 1830 2166 no-

346 2191 398 2226 bis
419 2194 471 2230 Λε
503 2190 592 2225 votis
615 2189 786 2236 Scaliyer
900 2189 978 2226 130
1008 2189 1072 2224 hcc
1092 2189 1134 2224 H
1214 2193 1332 2223 ruerat
1361 2190 1510 2233 scripsi.
1544 2186 1656 2221 suerat
1677 2187 1830 2222 HLRea

429 2247 590 2283 defuerat
627 2245 866 2281 Schrader-us
950 2245 985 2279 ni
1015 2244 1056 2279 H
1088 2245 1124 2279 in
1161 2245 1194 2279 R
1233 2244 1296 2278 nisi
1334 2244 1412 2280 Lea
1449 2243 1478 2277 si
1509 2242 1749 2277 Schrader-us

345 2304 432 2350 sylla
462 2304 496 2338 R
582 2305 743 2347 correpta
772 2302 928 2336 Loensz‘s
956 2301 980 2335 l.
1011 2301 1035 2335 l.
1069 2299 1131 2343 26,
1163 2311 1188 2333 α
1217 2304 1384 2345 concepta
1415 2297 1489 2333 HR
1519 2294 1660 2343 cocepta
1690 2297 1740 2332 Le

350 2359 423 2394 131
457 2356 552 2404 Sylla
583 2357 616 2391 R
739 2356 816 2392 132
849 2367 868 2390 o
899 2350 1061 2402 nimium]
1100 2354 1250 2389 Minoem
1280 2354 1459 2389 Hce'nsius
1566 2351 1678 2386 Minoa
1709 2350 1829 2386 Laclz-

347 2423 508 2450 manmcs
529 2411 642 2446 Lucr.
662 2422 702 2456 p.
728 2411 805 2447 162
828 2411 854 2446 si
878 2421 948 2445 non
970 2411 1124 2446 HLReoc
1145 2409 1250 2444 Minoi
1272 2409 1512 2444 Schraderus
1625 2405 1702 2442 135
1725 2405 1828 2440 eciam

346 2469 405 2504 illc
436 2469 472 2504 H
559 2465 711 2501 dormire
741 2468 889 2512 scripsi.
923 2465 1093 2500 domitare
1113 2464 1284 2513 Ηίθεοι,
1383 2463 1460 2499 136
1490 2461 1625 2497 rabidas
1656 2461 1831 2507 Heynius

350 2524 477 2559 ualidas
500 2522 654 2558 HLRae
675 2521 812 2556 rabidae
834 2522 1013 2557 Heinsius
1100 2521 1206 2555 uictas
1227 2520 1311 2556 ΑΔΕ
1390 2519 1501 2566 tygris
1522 2518 1555 2553 R
1578 2521 1697 2563 tygres
1719 2516 1748 2551 L

350 2613 425 2648 137
446 2583 614 2657 magniOn.
634 2608 774 2655 eadem)
795 2610 836 2645 H
939 2608 1014 2645 138
1037 2611 1077 2644 οῦ
1098 2609 1127 2643 L
1149 2619 1227 2644 cum
1247 2608 1279 2643 A
1364 2607 1472 2642 tristis
1494 2606 1568 2642 HR
1589 2604 1725 2651 superis
1745 2602 1830 2640 ΑΖΕ

435 2681 576 2748 palulus
596 2699 632 2746 (u
653 2711 698 2735 m.
724 2697 761 2744 2)
782 2699 823 2734 Η
907 2697 983 2733 139
1015 2692 1176 2744 magnae]
1198 2697 1339 2731 lacuna
1360 2697 1398 2731 in
1419 2703 1438 2731 ε
1525 2692 1603 2742 140
1632 2691 1666 2726 di
1694 2693 1833 2736 scripsi

348 2767 385 2791 se
415 2757 570 2793 HLRea
601 2756 629 2790 si
661 2755 826 2800 Silliyius
939 2757 977 2787 ut
1007 2753 1071 2787 iam
1103 2753 1252 2797 scripsi.
1284 2750 1343 2798 diu
1372 2750 1527 2786 HLReoc
1618 2747 1772 2793 peritura
1802 2746 1831 2781 L

431 2811 565 2858 puelle,
605 2823 650 2846 m.
682 2820 759 2845 rcc.
793 2819 894 2844 corr.
932 2807 1047 2854 puella
1078 2807 1119 2842 Η
1230 2804 1305 2841 141
1337 2805 1422 2840 nulli
1457 2814 1527 2839 non
1559 2803 1706 2848 scripsi.
1737 2799 1830 2836 Nulli

349 2866 430 2913 (om.
463 2864 548 2913 non)
578 2866 608 2901 L
644 2864 720 2900 Non
758 2863 844 2899 nulli
881 2863 1005 2900 HReoc
1042 2872 1112 2898 non
1151 2861 1213 2897 ulli
1250 2860 1414 2908 Silliyius
1516 2857 1642 2893 liceant
1678 2857 1826 2902 scripsi.
