1884 3126
760 159 977 186 MAECENAS
1009 160 1050 185 11.
1585 149 1665 188 203

316 284 419 311 unus
451 270 656 311 Maecenas
686 275 803 321 teque
834 282 906 322 ego
936 274 1100 323 propter
1131 283 1251 311 eram.

260 343 408 384 arbiter
438 345 522 396 ipse
553 344 628 383 sui:
662 343 764 384 volui
793 343 899 396 quod
931 344 1094 395 contigit
1124 356 1223 391 esse,

315 422 453 470 pectus
485 429 592 457 eram
624 429 714 458 vere
744 418 919 470 pectoris
948 418 1033 469 ipse
1064 418 1132 457 tui.
1614 421 1666 458 26

259 490 443 532 mollibus
473 503 520 530 ex
552 491 678 531 oculis
710 490 854 542 aliquis
883 489 955 529 tihi
986 490 1167 543 procidet
1196 491 1350 537 humor,
1616 495 1666 531 13

316 578 406 605 cum
436 564 546 604 dicar
577 563 707 605 subita
738 576 832 605 voce
863 564 983 603 fuisse
1015 563 1097 610 tibi,
1214 555 1218 558 ⁵

259 638 334 678 hoc
363 637 461 677 mihi
491 638 710 689 contingat:
743 639 892 677 iaceam
923 636 1067 679 tellure
1098 637 1172 677 sub
1203 649 1340 689 aequa.
1616 640 1666 677 15

316 724 389 751 nec
419 716 549 751 tamen
581 711 655 751 hoc
686 710 788 751 ultra
821 715 858 750 te
889 709 1062 750 doluisse
1092 710 1228 750 velim:

255 785 323 825 sed
355 785 584 824 meminisse
616 784 743 824 velim.
806 784 927 824 vivam
960 783 1211 824 sermonibus
1241 784 1340 824 illic:

310 871 468 910 semper
499 870 587 904 ern,
619 870 777 910 semper
807 859 840 896 si
870 850 1249 898 meminisse'voles.

258 932 334 972 hoc
363 931 498 972 decet:
533 937 571 972 et
600 937 708 972 certe
739 932 862 970 vivam
894 931 966 970 tibi
996 943 1155 984 semper
1186 932 1347 979 amicus,

312 1018 385 1045 nec
418 1004 487 1044 libi
517 1006 583 1057 qui
613 1006 782 1045 moritur
813 1005 957 1045 desinit
988 1017 1073 1045 esse
1104 1010 1204 1046 tuus.
1614 1010 1668 1049 20

252 1081 336 1132 ipse
367 1091 459 1130 ego,
491 1078 681 1131 quidquid
713 1091 800 1125 ero,
833 1079 988 1118 cineres
1017 1079 1203 1131 interque
1235 1079 1386 1120 favillas

310 1139 403 1192 tunc
434 1163 590 1204 quoque
621 1164 701 1192 non
732 1158 872 1205 potero
903 1165 982 1192 non
1012 1164 1167 1192 memor
1199 1165 1284 1193 esse
1316 1155 1382 1194 lui.

255 1227 340 1266 vive
370 1225 455 1271 diu,
486 1227 541 1265 mi
572 1239 663 1266 care
694 1238 832 1272 senex,
865 1231 957 1278 pete
987 1226 1115 1266 sidera
1146 1228 1254 1266 sero!
1614 1231 1666 1268 27

311 1305 369 1339 est
398 1312 498 1352 opus
529 1299 604 1339 hoc
634 1300 772 1339 terris:
805 1304 843 1339 te
875 1311 1031 1352 quoque
1063 1298 1160 1340 velle
1192 1300 1318 1340 decet.

254 1374 304 1413 sit
334 1372 406 1412 tibi
438 1385 580 1413 securo
612 1385 700 1412 cum
731 1373 871 1425 primis
903 1373 1006 1412 Livia
1038 1374 1222 1419 coniunx,
1614 1378 1663 1415 31

310 1446 464 1499 expleat
493 1447 628 1486 amissi
658 1458 822 1486 munera
854 1451 969 1499 rupta
1000 1459 1141 1497 gener;

255 1525 292 1559 et
326 1519 396 1559 [ibi
425 1524 677 1559 succrescant
706 1520 868 1559 iuvenes
899 1519 959 1558 bis
990 1520 1155 1560 Caesare
1188 1521 1294 1572 digni
1516 1518 1537 1526 ²
1614 1524 1665 1561 29

312 1599 349 1633 et
378 1593 535 1633 tradant
566 1605 686 1645 porro
718 1591 899 1633 Caesaris
930 1605 1054 1646 usque
1084 1586 1222 1645 genus,

140 1710 326 1746 Heinsius
442 1707 494 1745 24
525 1719 635 1744 unum
666 1708 861 1745 discinctus
893 1708 1079 1746 Heinsius
1169 1714 1202 1744 te
1234 1719 1379 1757 quoque
1410 1715 1559 1757 propter
1581 1710 1664 1747 Sal-

141 1769 284 1803 masius
401 1765 451 1803 25
484 1764 650 1801 Arbitror
679 1766 714 1802 R
829 1766 882 1801 tui
914 1764 1100 1802 Heinsius
1216 1765 1315 1801 uolui
1345 1778 1370 1800 α
1402 1765 1518 1802 uoluit
1548 1772 1582 1812 ψ

143 1857 193 1894 13
217 1856 280 1893 tibi
303 1868 371 1893 om.
409 1855 457 1893 Ve
542 1855 714 1903 procedet
735 1861 771 1891 et
795 1865 815 1894 ε
904 1855 955 1892 14
978 1866 1067 1892 noce
1084 1855 1123 1891 Η
1196 1834 1256 1891 tibi
1280 1855 1323 1890 Η
1407 1855 1458 1892 15
1481 1855 1543 1891 tibi
1564 1843 1607 1891 ’Σ
1618 1857 1666 1894 Ve

196 1913 247 1950 16
270 1917 306 1949 te
326 1911 486 1948 doluisse
506 1911 689 1948 Heinsius
723 1914 775 1948 acl
797 1912 918 1949 Ovidii
946 1925 1019 1948 am.
1043 1912 1088 1948 111
1110 1912 1145 1953 2,
1169 1912 1192 1948 9
1225 1917 1259 1948 te
1289 1913 1452 1959 potuisse
1474 1912 1584 1949 HRS
1610 1923 1665 1948 me

139 1970 304 2018 potuisse
326 1968 410 2006 Βεα
441 1969 511 2004 hoc
540 1968 704 2016 potuisse
738 1969 780 2005 Vl
868 1968 978 2004 nolim
1008 1970 1021 2004 l
1129 1968 1179 2004 17
1211 1969 1310 2003 vivus
1341 1968 1565 2004 sermonibus
1596 1968 1665 2004 illis

140 2026 326 2062 Heinsius
415 2024 464 2061 19
488 2024 557 2060 hoe
578 2026 731 2070 scripsi.
754 2024 797 2060 Et
819 2036 849 2059 ω
944 2025 1050 2060 docet
1072 2024 1173 2060 Hm.
1194 2025 1214 2060 1
1238 2023 1333 2060 dicet
1366 2025 1399 2060 V
1469 2030 1569 2061 certo
1590 2026 1664 2061 sue-

140 2093 214 2119 ram
245 2081 430 2118 Heinsius
530 2077 672 2116 amar*
718 2081 748 2117 V
783 2091 898 2116 amare
930 2081 979 2117 ΒΖ
1010 2091 1130 2116 amore
1161 2090 1180 2118 ε
1297 2079 1351 2117 20
1379 2080 1446 2116 sibi
1478 2081 1666 2118 Barllzius

225 2138 376 2174 moritus
398 2136 517 2185 (corr.
539 2149 586 2173 m.
611 2136 650 2184 2)
672 2138 707 2174 R
824 2137 873 2173 21
898 2136 1069 2185 quicquid
1092 2137 1126 2172 R
1143 2137 1184 2172 Vl
1300 2135 1351 2171 22
1384 2148 1453 2172 om.
1477 2140 1514 2174 in
1543 2142 1663 2183 textu,

141 2207 187 2231 m.
220 2205 299 2231 rec.
332 2197 404 2231 imo
435 2206 504 2242 my.
539 2195 638 2239 add„
674 2195 741 2230 sed
770 2205 854 2230 cum
887 2205 918 2229 v.
944 2192 994 2228 21
1026 2195 1188 2240 finiatur
1212 2195 1372 2240 pceyi'nu,
1406 2198 1574 2230 notatum
1607 2205 1664 2230 se-

140 2254 290 2300 quentis
328 2261 463 2288 versus
501 2253 645 2287 initium
683 2249 784 2285 Tunc
822 2260 967 2297 quoque
1006 2261 1052 2284 m.
1086 2250 1215 2285 euclem
1246 2252 1320 2285 ima
1349 2261 1439 2297 puy.
1473 2252 1511 2286 in
1542 2250 1584 2286 H

141 2303 305 2356 quoque]
349 2318 419 2355 ego
451 2307 523 2344 ΗΖΕ
668 2305 719 2342 27
752 2305 805 2352 cf.
842 2305 962 2342 Ovidii
1000 2307 1098 2341 trist.
1128 2304 1141 2340 1
1174 2305 1194 2340 1
1341 2306 1426 2341 mihi
1456 2307 1491 2342 R
1606 2318 1664 2355 sy-

139 2363 223 2399 dera
245 2364 288 2399 R
403 2366 468 2398 sco‘
509 2363 541 2398 V
670 2361 720 2399 31
755 2372 810 2409 sq.
843 2360 894 2398 29
927 2372 981 2409 sq.
1014 2364 1069 2397 sie
1100 2364 1333 2408 transposui.
1466 2363 1516 2399 31
1550 2362 1596 2404 S3
1639 2364 1667 2399 V

139 2419 210 2455 Sed
238 2421 253 2456 l
282 2418 325 2454 Et
355 2428 375 2456 ε
476 2417 538 2454 tibi
568 2429 696 2454 securo
740 2419 790 2455 Ve
820 2417 883 2454 tibi
914 2428 1039 2454 secura
1069 2419 1082 2454 l
1112 2429 1236 2454 secura
1268 2417 1331 2453 tibi
1363 2423 1396 2463 ψ
1491 2430 1571 2454 cum
1602 2420 1666 2456 Ru

140 2486 245 2522 quam
276 2474 354 2510 ΒΣ
380 2471 428 2522 qd
458 2476 471 2510 l
503 2473 599 2522 quod
631 2484 650 2512 ε
682 2485 707 2519 q
750 2475 779 2511 V
809 2474 888 2522 qui,
928 2486 974 2510 m.
1008 2484 1088 2511 rec.
1115 2474 1267 2520 factum
1298 2478 1370 2521 qui-1
1402 2474 1445 2510 H
1541 2476 1664 2522 primis

139 2530 323 2567 Heinsius
352 2531 505 2578 primum
537 2542 567 2566 ω
680 2541 760 2566 eum
790 2527 962 2580 primum]
997 2541 1203 2578 supremum
1236 2530 1413 2578 Scaliyer
1499 2530 1554 2567 Sit
1584 2531 1662 2567 diu-

139 2592 244 2622 turna
277 2588 333 2623 vel
361 2587 480 2634 sitque
511 2597 687 2634 aequaeva
708 2586 770 2623 tibi
802 2597 882 2623 eum
904 2587 1026 2635 primis
1049 2586 1244 2622 Heinsius.
1278 2591 1314 2622 et
1340 2592 1463 2623 saturo
1486 2598 1662 2624 annorum

140 2648 289 2691 superet
330 2642 391 2679 tibi
426 2642 718 2690 Oudendorpius
834 2641 916 2678 libia
947 2642 990 2678 H
1102 2640 1231 2678 coniiix
1262 2643 1320 2681 Re
1358 2643 1488 2679 coniux
1518 2649 1552 2690 ψ

141 2732 193 2769 32
223 2703 323 2769 amissi
354 2732 398 2767 H
423 2733 522 2768 amisi
565 2733 596 2769 V
735 2732 861 2768 funera
898 2735 955 2769 vel
995 2733 1149 2781 pignora
1179 2732 1362 2769 Heinsius
1495 2739 1595 2780 rapta
1625 2734 1667 2769 H

142 2793 241 2836 rapta
271 2791 328 2825 vel
357 2789 466 2825 cruda
496 2791 554 2826 vel
584 2793 695 2836 nupta
726 2787 910 2825 Hei7zs2'us
1043 2788 1094 2825 29
1127 2787 1349 2826 subirescant
1393 2789 1424 2826 V
1457 2795 1663 2829 sucrescant

142 2844 176 2894 R
262 2841 364 2881 uiues
407 2845 436 2882 V
550 2845 603 2882 30
633 2844 703 2881 Sed
733 2854 753 2883 ε
