1884 3126
286 164 351 193 XII
883 162 1155 192 PRAEFATIO.

282 279 435 328 poetae
463 273 598 315 verba
624 272 908 348 intellegenda
936 279 1081 328 aptum
1110 286 1204 313 esse
1232 270 1473 312 iudicabat'
1503 284 1599 311 mea
1627 270 1767 311 facere

282 338 424 380 nullus
463 339 674 391 dubitem,
713 339 786 394 qui
814 332 991 379 minime
1026 338 1214 393 gentium
1250 335 1505 391 interpolata
1547 350 1654 390 quae
1697 337 1768 378 ille

283 404 387 446 dicit
415 404 595 458 scholia,
627 411 675 446 ut
704 419 816 446 nunc
846 411 959 457 sunt,
990 419 1016 446 a
1043 403 1262 445 Macrobio
1292 403 1415 459 quasi
1444 403 1647 443 devorata
1675 417 1768 444 esse

282 471 589 513 contenderim.
638 471 908 512 disconvenit
934 471 1046 512 inter
1073 485 1151 512 nos
1181 484 1252 522 eo,
1282 475 1330 510 ut
1358 481 1622 510 communem
1649 468 1767 509 illum

281 536 492 579 Macrobii
521 543 563 578 et
592 537 847 579 scholiorum
866 542 1107 578 nostrorum
1126 537 1290 578 fontem
1310 534 1470 586 Servii,
1500 533 1637 589 qualis
1667 534 1767 575 olim

281 603 386 655 fuit,
418 603 542 655 mihi,
580 603 654 644 isti
690 609 835 644 contra
872 602 979 644 alius
1014 603 1159 644 nescio
1195 603 1314 643 cuius
1343 601 1587 656 interpretis
1616 599 1766 654 Vergi-

281 669 403 722 liani,
449 669 523 724 qui
561 670 734 710 ineunte
776 669 866 710 fere
916 669 1082 710 saeculo
1126 673 1275 724 quarto
1321 667 1538 722 scripserit
1581 666 1640 721 (p.
1677 665 1766 721 53),

283 736 633 776 commentarium
661 735 795 776 fuisse
824 735 1087 790 probabilius
1117 735 1329 776 videatur.

390 800 586 854 Vertitur
629 815 729 855 ergo
773 815 939 854 summa
975 816 1043 842 res
1078 803 1123 842 in
1160 801 1242 841 hac
1277 799 1539 855 quaestione:
1585 799 1768 840 certisne

281 868 542 921 argumentis
573 867 911 909 demonstratum
942 868 997 908 sit
1027 867 1351 908 contractiorem
1381 863 1517 920 qualis
1547 865 1592 905 in
1620 863 1766 919 pleris-

280 947 362 988 que
390 932 512 975 libris
541 932 697 987 legitur
726 933 866 975 Servii
889 940 1070 990 ‘textum
1098 948 1175 974 nec
1204 932 1435 988 quidquam
1464 936 1684 986 praeterea
1711 931 1766 972 ab

279 999 359 1040 hoc
401 999 640 1054 profectum
683 1014 788 1041 esse.
838 1001 906 1040 cui
949 999 1191 1054 quaestioni
1226 1005 1275 1040 ut
1311 998 1414 1038 satis
1450 996 1602 1038 fecerit
1641 995 1766 1038 Thilo

280 1070 446 1106 tantum
474 1064 612 1118 abest,
649 1067 742 1121 ipse
777 1072 826 1107 ut
860 1081 902 1121 p.
932 1065 984 1107 51
1014 1065 1220 1117 fateatur,
1258 1079 1304 1105 se
1332 1063 1447 1119 quod
1477 1062 1765 1104 demonstran-

280 1131 381 1172 dum
417 1131 571 1173 fuisset
605 1146 692 1173 non
728 1131 1110 1183 demonstravisse,
1149 1131 1224 1172 sed
1259 1144 1408 1173 verum
1437 1143 1530 1170 esse
1559 1128 1765 1184 posuisse.

280 1198 394 1252 quod
429 1197 489 1238 ita
524 1212 626 1239 sane
665 1212 710 1238 se
745 1197 886 1239 habet.
946 1212 1045 1239 nam
1082 1197 1196 1253 quod
1231 1195 1367 1238 voluit
1402 1210 1479 1251 pro
1517 1201 1766 1249 argumento

279 1278 391 1315 esse,
422 1262 535 1318 quod
565 1269 768 1318 quattuor
796 1269 964 1305 tantum
999 1263 1104 1305 locis
1128 1262 1294 1304 similes
1326 1276 1422 1303 esse
1451 1261 1643 1302 docuerit
1673 1260 1766 1302 Ser-

278 1330 339 1372 vii
366 1330 500 1384 ipsius
531 1335 573 1370 et
600 1329 808 1371 Macrobii
838 1329 1151 1385 expositiones,
1189 1329 1351 1371 octiens
1382 1327 1554 1369 diversa
1581 1327 1692 1367 inter
1721 1341 1766 1367 se

279 1395 420 1436 dicere
451 1396 646 1437 Servium
684 1403 725 1437 et
753 1396 1039 1448 Macrobium,
1077 1395 1264 1450 septiens
1298 1408 1436 1449 neque
1472 1392 1668 1434 Servium
1696 1407 1766 1433 ne-

278 1476 359 1517 que
397 1461 786 1517 ‘interpolatorem'
822 1462 980 1504 habere
1015 1462 1129 1516 quod
1165 1461 1279 1516 apud
1306 1459 1574 1502 Macrobium
1601 1459 1767 1513 legatur

278 1527 371 1583 (qui
399 1528 565 1569 numeri
595 1542 722 1583 quam
741 1527 967 1582 diligenter
987 1528 1220 1583 computati
1250 1527 1336 1568 sint
1355 1540 1557 1581 quaerere
1588 1524 1764 1579 distuli),

278 1590 408 1635 mir'or
438 1593 636 1648 equidem
665 1594 1096 1649 argumentationem,
1127 1608 1211 1649 qua
1238 1599 1288 1634 ut
1317 1593 1651 1644 demonstretur,
1681 1606 1766 1633 non

277 1659 510 1715 pleniorem
539 1659 638 1701 olim
659 1660 799 1702 Servii
828 1660 1179 1702 commentarium
1207 1659 1358 1710 fuisse,
1389 1658 1591 1699 docemur
1618 1656 1765 1710 multa,

262 1740 386 1783 *quae
415 1725 530 1781 apud
549 1725 817 1767 Macrobium
845 1725 1065 1780 leguntur,
1096 1725 1219 1766 hodie
1250 1726 1293 1766 in
1323 1724 1530 1766 mutilatis
1560 1738 1669 1778 quae
1699 1739 1764 1764 su-

277 1797 454 1846 persunt
490 1790 658 1832 scholiis
687 1805 772 1832 non
800 1791 998 1847 reperiri,
1035 1792 1158 1847 quasi
1186 1792 1291 1832 haec
1320 1791 1374 1832 ab
1405 1790 1478 1831 illo
1508 1791 1765 1845 transcripta

278 1871 371 1898 esse
401 1856 620 1898 dixissem.
668 1858 796 1900 immo
826 1872 878 1898 ne
909 1857 970 1898 eis
1002 1858 1175 1913 quidem
1204 1872 1312 1913 quae
1340 1858 1385 1898 in
1413 1856 1609 1911 genuino,
1640 1871 1762 1911 quem

276 1923 358 1964 iste
389 1922 512 1975 dicit,
545 1923 692 1965 Servio
723 1938 837 1964 nunc
864 1923 1085 1977 leguntur,
1123 1937 1216 1965 eam
1245 1923 1374 1965 fidem
1401 1922 1642 1964 habendam
1671 1937 1763 1964 esse

275 1995 402 2044 puto,
439 1995 487 2030 ut
522 1989 625 2044 quid
655 1990 707 2031 de
737 2004 904 2045 quaque
934 2005 979 2031 re
1017 1989 1086 2031 vel
1115 1989 1207 2032 loco
1236 1990 1329 2045 ipse
1357 1989 1660 2044 grammaticus
1692 1989 1764 2031 do-

276 2055 412 2097 cuerit
439 2054 509 2097 vel
539 2056 740 2108 senserit,
772 2056 940 2097 scholiis
970 2071 1082 2097 nunc
1111 2056 1292 2098 servatis
1314 2056 1419 2097 satis
1450 2061 1649 2097 constare
1677 2071 1765 2098 cre-

277 2122 387 2163 dam.
427 2135 536 2176 quae
567 2122 603 2163 si
633 2128 834 2177 excerpta
854 2129 896 2164 et
926 2128 1146 2164 contracta
1175 2137 1230 2164 ex
1257 2122 1391 2164 multo
1422 2122 1624 2179 ampliore
1653 2123 1763 2168 libro

277 2194 387 2241 sunt,
419 2188 512 2244 quis
542 2193 671 2242 neget
701 2189 920 2244 stupidum
950 2196 992 2230 et
1020 2195 1320 2244 properantem
1348 2189 1569 2230 librarium
1598 2190 1666 2232 vel
1695 2190 1762 2232 lit—

277 2259 507 2295 teratorem
549 2254 712 2309 passim
759 2269 836 2309 pro
886 2254 1103 2297 Servianis
1153 2269 1380 2311 excerpere
1421 2257 1612 2310 potuisse
1655 2271 1763 2312 quae

276 2319 387 2360 falsa
423 2334 515 2361 esse
551 2321 852 2374 grammaticus
890 2321 991 2363 olim
1023 2321 1431 2364 demonstravisset?
1481 2321 1618 2363 solent
1653 2324 1762 2364 enim

276 2399 384 2440 quae
412 2385 668 2427 refutandae
697 2393 797 2427 sunt
824 2402 984 2442 pravae
1020 2387 1200 2430 aliorum
1229 2389 1448 2444 opiniones
1477 2389 1691 2442 praemitti
1719 2390 1763 2430 in

277 2451 455 2505 singulis
493 2452 650 2505 titulis,
690 2453 810 2507 sequi
845 2453 1032 2494 meliora.
1091 2454 1222 2509 quid?
1271 2453 1384 2510 quod
1421 2460 1463 2495 et
1496 2454 1762 2496 Macrobium

275 2518 415 2571 ipsum
458 2518 669 2572 quaedam
709 2519 755 2559 in
805 2519 977 2561 brevius
1022 2521 1287 2562 contraxisse
1335 2517 1580 2575 comparata
1625 2521 1760 2576 ipsius

278 2582 417 2623 Servii
454 2582 615 2625 scholia
650 2583 803 2627 docent
830 2585 957 2637 (Aen.
988 2584 1028 2625 V
1058 2586 1157 2627 609:
1190 2586 1246 2627 cf.
1276 2601 1318 2641 p.
1351 2586 1420 2641 10)
1459 2591 1501 2627 et
1534 2585 1761 2641 interpola·

276 2649 428 2690 mentis
465 2656 665 2704 corrupta
699 2649 893 2691 Danielis
925 2665 1091 2706 quoque
1129 2652 1420 2694 additamenta
1449 2666 1544 2694 esse
1573 2652 1760 2708 suspica-

277 2721 346 2755 tur
375 2713 501 2756 Thilo
539 2730 580 2770 p.
612 2715 679 2756 25.
737 2731 790 2757 ne
826 2716 964 2757 dicam
1001 2718 1130 2758 etiam
1165 2719 1209 2759 in
1237 2719 1478 2760 breviorem
1508 2725 1759 2761 commenta-

276 2781 385 2821 rium
414 2795 490 2834 per
517 2780 839 2836 interpolatores
869 2783 1076 2837 quaedam
1104 2798 1229 2839 posse
1258 2785 1394 2825 inlata
1423 2798 1525 2826 esse.
