1884 3126
807 173 929 202 enus.
1552 160 1631 202 103

218 284 354 325 infelix
387 286 495 338 virgo
528 285 635 338 (quid
667 286 770 325 enim
803 285 1055 325 commiserat
1086 284 1175 324 illa?

214 360 299 411 ipse
329 364 440 411 pater
469 359 646 400 timidam
674 360 778 399 sicca
808 358 1036 411 complexus
1066 358 1213 398 harena

217 434 443 486 coniugium
475 444 590 473 carae
621 432 832 472 violaverat
859 431 1137 484 Amphitrites;

218 514 387 549 attamen
420 508 549 559 exegit
578 506 695 558 longo
726 511 814 558 post
844 510 1023 558 tempore
1052 517 1213 558 poenas,

219 589 279 629 ut,
312 594 401 622 cum
433 593 527 621 cura
560 581 620 620 sui
653 580 862 620 veheretur
893 580 1073 631 coniugis
1104 578 1194 625 alto,
1578 582 1630 619 75

217 660 301 711 ipsa
332 662 486 696 trucem
518 653 642 694 multo
673 655 860 694 miseeret
889 654 1080 705 sanguine
1111 653 1311 705 pontum);

215 744 284 771 seu
315 743 427 774 vero,
459 733 501 768 ut
530 727 762 780 perhibent,
795 727 922 767 forma
953 739 1042 767 eum
1074 727 1250 766 vinceret
1279 728 1409 766 omnis

216 811 254 845 et
284 803 446 856 cupidos
477 806 642 855 quaestu
671 802 818 854 passim
848 800 1057 853 popularet
1086 806 1274 847 amantes,

215 876 416 918 horribilis
446 877 594 916 circum
626 874 721 914 vidit
750 887 793 914 se
823 875 966 915 sistere
999 875 1148 914 formas
1574 878 1629 915 80

217 950 390 1004 piscibus
421 956 459 990 et
489 948 732 1002 canibusque
762 947 874 988 malis
903 947 1040 988 vallata
1072 954 1275 1001 repentest
1575 950 1626 988 79

218 1025 309 1078 (heu
340 1024 521 1076 quotiens
552 1023 690 1062 mirata
721 1034 842 1062 novos
873 1021 1058 1074 expalluit
1088 1023 1215 1062 artus!

216 1100 298 1150 ipsa
329 1110 422 1137 suos
452 1098 634 1149 quotiens
664 1096 742 1136 heu
772 1096 977 1148 pertimuit
1006 1095 1214 1147 latratus!)‚

218 1185 312 1212 ausa
342 1170 447 1222 quod
479 1175 538 1210 est
567 1169 709 1209 mulier
740 1182 885 1209 numen
915 1169 1100 1209 fraudare
1132 1169 1297 1209 deorum

218 1250 256 1285 et
285 1245 427 1284 dictam
459 1245 600 1283 Veneri
630 1249 810 1283 votorum
841 1247 1020 1282 avertere
1051 1255 1230 1294 poenam,

216 1331 352 1372 quam,
386 1316 486 1357 mala
517 1316 721 1367 multiplici
750 1317 935 1356 iuvenum
966 1316 1071 1368 quod
1102 1321 1238 1369 saepta
1268 1321 1424 1357 caterva
1569 1319 1621 1357 85

215 1392 310 1431 vixit
339 1395 500 1442 eratque
530 1391 661 1429 animo
692 1390 879 1429 meretrix
910 1390 1050 1430 iactata
1079 1391 1268 1436 ferarum,

213 1466 400 1504 infamem
430 1463 497 1504 tali
526 1464 666 1503 merito
697 1476 857 1504 rumore
887 1463 1010 1503 fuisse

215 1539 329 1578 docta
357 1537 608 1590 Palaephatia
639 1541 803 1577 testatur
833 1548 928 1576 voce
958 1549 1146 1590 papyrus:

187 1671 235 1708 71
270 1670 459 1707 comiserat
496 1670 572 1707 HR
697 1670 748 1706 72
780 1669 939 1706 timidam
975 1670 1069 1706 sicca
1106 1671 1305 1718 Hauptius
1342 1670 1500 1707 timidam
1537 1682 1624 1707 seua

101 1728 230 1766 AHLe
275 1719 499 1763 ''Scaeuam'‘
536 1725 630 1763 nudz‘i
661 1727 696 1763 R
734 1726 863 1762 nudam
902 1736 1008 1762 saeua
1038 1727 1198 1764 Loensis
1226 1729 1252 1764 l.
1283 1729 1308 1764 l.
1343 1727 1415 1769 25,
1447 1723 1497 1763 a¹
1529 1728 1623 1763 timi-

100 1784 179 1820 dam
210 1784 296 1820 flava
317 1783 492 1830 Heynius
513 1782 642 1818 nudam
674 1782 768 1818 fulva
789 1783 964 1819 Kockius
1049 1783 1242 1832 complexit
1273 1785 1349 1821 HR
1448 1785 1499 1821 73
1522 1790 1618 1820 carte

100 1842 176 1878 HR
276 1839 480 1888 amphitrite
511 1840 553 1875 H
580 1839 783 1888 amphitrite
816 1839 850 1875 R
974 1838 1026 1875 74
1056 1839 1120 1875 Ast
1152 1845 1269 1876 tamen
1300 1842 1362 1879 He
1463 1851 1621 1888 poennas

99 1898 134 1934 R
250 1897 300 1934 75
334 1901 408 1932 tum
438 1896 491 1934 Le
576 1896 631 1931 sui
664 1895 747 1932 Nic.
779 1896 949 1941 Loeusis,
984 1896 1162 1945 Seccliqer
1191 1908 1255 1948 sug
1280 1898 1310 1933 L
1340 1908 1425 1934 suae
1445 1899 1528 1936 Αεα
1560 1903 1620 1947 ως

99 1988 133 2024 R
166 1993 226 2023 tue
256 1987 299 2022 H
382 1967 605 2035 [lheheretur
642 1984 759 2031 (cortu
792 1998 838 2022 m.
871 1985 967 2032 rec.)
998 1987 1042 2023 H
1074 2022 1086 2032 s
1138 1987 1208 2038 (ὡς
1239 1988 1274 2024 R
1392 1988 1443 2025 76
1475 1989 1621 2024 miseret

100 2045 134 2080 R
251 2043 300 2079 77
324 2041 516 2090 prohibent
537 2042 571 2078 R
659 2043 773 2078 omnis
795 2043 838 2078 Η
855 2043 934 2078 offis
957 2043 1016 2091 Re
1038 2054 1162 2079 omnes
1182 2045 1239 2080 La
1356 2044 1408 2082 78
1430 2050 1562 2092 questu
1585 2046 1619 2082 R

182 2099 386 2147 procularet
423 2098 466 2134 H
499 2097 667 2146 spoliaret
702 2099 756 2136 Le
878 2099 944 2136 80.
985 2099 1035 2136 79
1067 2102 1125 2135 sic
1162 2102 1363 2137 collocavit
1402 2102 1620 2148 Hauptius:

97 2159 248 2193 inverso
279 2156 410 2192 ordine
441 2155 598 2192 HLReot
702 2154 756 2192 80
787 2154 965 2191 horribilis
993 2156 1036 2192 H
1063 2155 1192 2192 Horrib
1223 2159 1261 2193 in
1292 2168 1372 2194 ras.
1406 2170 1452 2193 m.
1487 2159 1618 2194 eadem

99 2213 134 2249 R
164 2211 352 2248 horribiles
383 2211 462 2249 Lea
581 2210 648 2247 sibi
678 2211 807 2247 sistere
837 2211 917 2248 Lea
1041 2212 1092 2248 79
1125 2212 1270 2248 canibus
1306 2213 1435 2261 rapidis
1466 2215 1496 2250 L
1525 2214 1620 2250 cani-

99 2301 165 2338 bus
201 2300 331 2337 rabidis
362 2310 409 2339 εα
539 2300 658 2348 [allata
695 2299 812 2346 (corr.
852 2313 899 2336 m.
940 2299 1036 2347 ree.)
1068 2301 1112 2337 H
1147 2302 1261 2338 ualata
1291 2304 1326 2340 R
1433 2309 1618 2352 repentest

100 2358 295 2403 Hauptius
324 2362 472 2404 repente
503 2362 558 2392 est
589 2356 720 2393 HLRe
751 2361 910 2404 repente,
943 2370 1012 2394 om.
1046 2363 1112 2398 est,
1144 2371 1169 2394 α
1285 2359 1335 2396 81
1369 2360 1446 2396 Neu
1477 2362 1521 2397 H

99 2412 256 2460 expaluit
287 2413 327 2448 H
439 2412 491 2449 82
524 2413 752 2459 pertimuisse
782 2413 812 2448 L
843 2413 1060 2460 pertinuisse
1081 2424 1101 2452 ε
1216 2414 1269 2452 84
1300 2415 1452 2452 edictam
1472 2418 1528 2455 Αε

100 2473 259 2504 avertere
297 2468 472 2516 Scaliyer
510 2468 561 2504 ad
598 2469 738 2505 Euseb.
776 2481 814 2515 p.
848 2464 929 2505 54¹³
979 2482 1015 2506 a.
1053 2470 1158 2508 1658
1199 2478 1341 2508 uertere
1371 2474 1530 2511 HLRea

98 2524 262 2572 praedam
303 2526 359 2561 vel
397 2529 533 2572 partem
573 2525 818 2574 Schraderus
913 2525 1096 2563 lucrorum
1129 2556 1137 2564 .
1162 2556 1170 2564 .
1195 2556 1203 2564 .
1235 2535 1373 2576 partem
1404 2531 1460 2566 vel
1498 2533 1616 2567 simile

98 2582 189 2628 quid
220 2582 394 2629 flayitari
426 2582 568 2617 monuit
596 2582 794 2628 Hauptius
935 2582 988 2620 85
1019 2580 1126 2634 mala]
1168 2584 1273 2620 modo
1310 2597 1336 2620 α
1441 2592 1544 2634 septa
1579 2588 1614 2624 R

182 2636 234 2673 86
267 2637 352 2673 vixit
381 2642 528 2684 eratque
550 2638 747 2684 Hauptius
776 2637 916 2674 Dixerat
945 2644 1052 2687 atque
1073 2641 1230 2678 HLRea
1262 2642 1396 2678 vixerat
1425 2647 1533 2691 atque
1563 2643 1610 2690 (v.

97 2692 150 2729 85
172 2691 276 2740 quae)
309 2693 484 2741 Scaliyer
598 2693 649 2730 87
681 2695 809 2730 merito
838 2705 984 2731 rumore
1012 2697 1096 2733 Nic.
1127 2698 1288 2734 Loensis
1316 2698 1483 2738 meritoll-
1513 2711 1613 2736 more

98 2749 194 2784 HLoe
223 2750 433 2785 meritorum
463 2760 564 2786 more
594 2750 652 2788 Re
767 2749 820 2787 88
850 2750 1074 2800 Palaephatia
1104 2748 1152 2788 a¹
1186 2753 1395 2802 palepaphie
1425 2756 1522 2794 ΑΗΕ
1552 2768 1612 2805 pa-

97 2804 259 2855 lepaphig
288 2806 320 2842 L
348 2805 578 2854 palepaphiae
609 2807 644 2842 R
758 2817 913 2856 papyrus
941 2804 990 2844 α1
1021 2809 1195 2858 pachinus
1222 2811 1331 2848 HLR
1361 2813 1558 2860 pachinnus
1581 2817 1613 2851 A

96 2861 277 2910 pachynus
307 2872 328 2901 ε
