1884 3126
315 135 397 175 206
774 149 970 176 ADDENDA
999 151 1050 176 m*
1083 150 1355 176 CORRIGENDA.

425 267 503 289 csse
534 267 674 290 censeo.
720 257 870 289 eandem
893 257 993 289 illam
1017 261 1129 290 artem
1155 258 1264 289 etiam
1287 258 1324 288 in
1347 267 1405 290 vv.
1431 258 1606 290 268—282
1630 260 1666 290 et
1688 259 1800 290 428—-

426 302 490 333 447
515 311 668 342 regnare
693 312 725 342 p.
751 303 793 333 59
819 301 1091 334 demonstravit.

314 356 399 387 pag.
427 347 550 383 152*et
574 347 637 397 {53
660 345 768 379 catal.
791 345 866 397 IIlI
884 346 905 377 8
930 348 967 377 et
983 347 1016 379 V
1033 347 1074 378 16
1087 345 1272 397 ‘debebam
1297 346 1420 397 talasio.
1441 346 1655 387 scripturam
1671 346 1801 398 inspex-

425 392 500 421 tum
524 399 698 432 recipere,
723 399 813 430 quae
838 399 875 420 m
899 391 1098 423 Veronensi
1122 399 1262 432 quoque
1289 389 1423 422 Catulh
1446 391 1500 430 61,
1527 390 1590 422 134
1614 393 1745 422 extitit.

402 477 457 510 Ad
481 477 639 520 prolcgg.
666 478 745 510 crit.
769 488 804 519 p.
828 479 870 510 32
887 487 939 519 sq.
963 489 1008 510 ne
1034 478 1113 520 quis
1144 478 1189 510 ad
1212 477 1376 510 bucolica
1401 487 1540 519 quoque
1567 480 1603 509 et
1627 478 1800 520 georgica

314 533 358 554 cx
381 523 554 554 Bembino
577 531 671 554 nova
695 522 842 553 criticae
867 523 958 554 artis
981 523 1220 555 instrumenta
1243 523 1319 564 peti
1342 531 1449 564 posse
1473 525 1612 564 speret,
1638 518 1818 554 breviter'

312 577 437 599 moneo
473 566 688 598 examinatis
723 575 812 608 quas
841 566 1158 608 Zangemeisterus
1194 566 1470 608 diligentissime
1501 566 1643 598 notavit
1673 566 1797 597 horum

313 621 451 652 quoque
482 611 677 643 carminum
706 611 894 652 scripturis
919 611 1145 643 memorabile
1171 610 1263 652 quod
1288 610 1335 642 sit
1364 613 1508 651 praeter
1536 609 1696 641 initialia
1722 620 1801 643 ver-

311 665 412 687 suum
436 653 657 696 quorundam
680 658 891 693 ornamenta
912 666 946 696 p.
964 656 1006 687 57
1030 665 1052 686 a.
1075 665 1128 687 me
1144 654 1295 686 laudata
1310 654 1399 685 nihil
1416 654 1490 686 fere
1507 664 1562 685 me
1578 654 1793 696 repperisse,

310 700 382 732 nisi
405 698 499 741 quod
520 698 586 730 ecl.
613 699 643 731 V
666 699 686 730 5
710 699 803 740 quod
826 699 1030 731 coniectura
1054 699 1266 740 scripseram
1289 699 1444 740 sephyris
1460 698 1512 730 sic
1536 698 1573 729 in
1604 698 1666 730 illo
1684 701 1802 730 extat:

310 744 465 784 septaris.
514 743 671 784 pertinet
694 747 814 779 autem
838 742 884 774 ad
908 743 1079 775 librorum
1101 743 1333 775 Bernensium
1356 743 1396 774 be
1427 741 1623 783 familiam,
1658 752 1803 783 quorum

314 788 396 819 huic
420 787 527 829 paulo
550 787 695 828 saepius
719 797 825 828 quam
849 787 905 819 illi
929 788 1047 820 socius
1070 790 1136 819 est.
