1884 3126
741 143 875 172 CAPUT
906 143 969 170 111.
1516 124 1523 131 ’
1561 124 1613 168 41

93 262 283 311 vifragum
324 257 577 312 Scylaceum'
617 260 654 295 et
685 254 915 296 Ovidianum
956 253 1304 304 ‘navifragumque
1344 253 1510 292 fretum’
1550 252 1615 292 ad-

96 332 289 374 versatur,
325 327 409 366 sine
440 330 547 366 certa
579 324 770 364 librorum
803 323 1035 362 auctoritate
1064 333 1299 374 propagare.
1361 325 1480 371 atque
1512 322 1614 359 eius-

93 397 181 436 dem
215 397 250 435 1⁷
277 395 396 434 virtus
428 398 586 446 praeter
617 406 649 432 ν.
682 390 722 432 5.
758 389 850 431 193.
882 388 975 430 210.
1007 387 1103 429 236.
1135 386 1231 428 249.
1262 386 1356 428 265.
1391 386 1485 427 340.
1518 385 1614 427 343.

91 462 175 505 399
207 464 374 505 maxime
407 475 437 503 ν.
471 460 554 503 332
586 461 748 506 eminet,
785 459 853 499 uhi
884 458 993 500 solus
1025 458 1207 509 egregiae
1238 455 1450 496 Schradcri
1482 468 1615 495 emen-

93 532 237 573 ‹lationi
270 531 569 571 fundamentum
600 527 752 569 struxit.

205 735 435 775 Communia
466 735 505 773 in
537 735 729 774 Moreto
761 732 942 773 omnibus
972 731 1083 772 libris
1115 731 1201 770 vitia
1234 735 1327 770 sunt
1350 742 1383 770 ν.
1408 727 1432 769 8
1459 729 1614 778 fumus,

91 800 146 843 46
175 807 427 843 transversat
465 804 638 850 durata,
680 799 734 841 66
764 803 930 851 requla,
973 799 1024 840 71
1057 804 1172 851 apte,
1211 811 1347 838 versus
1379 796 1430 838 77
1462 797 1615 843 lacuna,

94 884 126 910 ν.
158 868 213 911 80
242 871 364 919 notis,
413 875 452 910 et
482 869 726 922 compendiis
764 870 953 921 scriptum
993 868 1114 908 fuisse
1155 867 1414 920 archetypum
1446 866 1616 907 maxime

91 951 126 978 v.
158 936 211 977 96
241 937 450 990 probatur,
490 936 555 976 uhi
583 940 771 987 qramine
801 950 846 977 ex
875 939 1056 987 yermz‘ne
1087 937 1244 975 factum.
1305 937 1346 975 in
1378 935 1475 974 duas
1506 935 1616 974 fami-

77 1005 163 1045 *lias
193 1010 427 1057 separantur
457 1004 615 1045 codices
637 1019 669 1044 v.
696 1003 760 1051 13,
794 1017 960 1056 quarum
982 1004 1178 1057 antiquior
1200 1008 1238 1043 et
1266 1003 1458 1054 integrior
1481 1015 1616 1054 quam-

92 1074 148 1112 vis
179 1077 361 1125 corrupta
392 1072 557 1125 praebet
585 1075 657 1113 sed
683 1075 757 1114 lux
783 1073 953 1123 fulqore
981 1073 1151 1122 recedit,
1194 1072 1394 1112 recentior
1425 1075 1464 1110 et
1494 1072 1616 1111 inter-

94 1140 220 1194 polata
257 1142 441 1180 tenebrae
473 1141 640 1191 fulqore
669 1142 876 1181 recedunt.
937 1140 984 1180 ad
1023 1140 1127 1180 illam
1161 1152 1206 1179 ex
1239 1140 1386 1179 nostris
1415 1140 1617 1192 pertinent

94 1209 213 1258 BSV,
249 1207 390 1259 quibus
421 1221 466 1247 ex
500 1208 708 1260 Silligianis
737 1209 942 1257 AEOabc,
975 1213 1183 1260 praeterea
1216 1206 1466 1247 Colhertinus
1497 1220 1615 1260 quar-

93 1280 167 1321 tus,
191 1275 299 1326 Regii
321 1276 472 1326 primus
494 1282 532 1316 et
553 1281 728 1327 quartus,
750 1276 963 1316 Thuaneus
983 1275 1094 1322 alter,
1118 1275 1376 1321 Tellerianus‚
1399 1276 1616 1328 Lipsiensis

91 1343 302 1388 accedunt,
334 1355 408 1382 nec
439 1356 517 1383 non
547 1344 798 1384 Colbertinus
834 1344 1030 1384 secundus
1061 1348 1098 1383 et
1118 1343 1265 1395 Regius
1295 1345 1444 1390 tertius,
1478 1355 1615 1395 qualu-

90 1423 205 1463 quam
237 1410 301 1450 ille
331 1412 540 1461 recedere,
583 1412 648 1451 hic
678 1414 840 1453 recessit
869 1411 1000 1452 habet.
1063 1412 1224 1452 alterius
1254 1411 1423 1451 familiae
1455 1424 1612 1452 correc-

87 1480 184 1519 toris
214 1478 374 1518 arbitrio
406 1479 583 1519 adfectae
613 1486 704 1519 sunt
735 1481 914 1530 HTVZp
945 1485 982 1519 et
1014 1493 1060 1520 ex
1091 1479 1304 1531 Silligianis
1334 1480 1614 1525 Carcavianus,

91 1546 346 1593 BalluzianuS,
369 1547 611 1588 Dresdensis.
664 1549 754 1588 item
787 1547 979 1587 librorum
1002 1548 1045 1586 H
1052 1549 1147 1599 VZp
1169 1548 1388 1587 communis
1410 1553 1470 1588 est
1491 1561 1523 1588 ν.
1546 1546 1612 1594 75,

91 1620 130 1654 et
159 1615 197 1654 in
230 1614 377 1654 eisdem
400 1628 432 1654 v,
456 1612 508 1655 31
531 1615 724 1655 intrusum
755 1615 899 1667 legitur
929 1617 1043 1655 haec.
1088 1617 1192 1655 inter
1223 1627 1322 1667 qnos
1345 1621 1474 1655 tamen
1495 1616 1614 1668 paulo

90 1683 282 1722 sincerior
314 1695 398 1721 esse
430 1684 681 1735 cognoscitur
722 1684 756 1722 V
784 1684 939 1723 omissis
970 1696 1003 1723 v.
1036 1681 1102 1733 36,
1136 1695 1214 1734 quo
1245 1684 1384 1734 HTZp
1417 1688 1455 1724 et
1485 1684 1614 1723 deter-

89 1751 176 1790 rimi
216 1749 370 1801 quidam
403 1750 592 1803 Silligiani
630 1752 821 1804 inquinati
859 1757 968 1796 sunt,
1014 1755 1051 1790 et
1091 1750 1325 1790 emblemate
1355 1756 1445 1804 post
1475 1766 1510 1791 V.
1545 1751 1611 1792 73.

90 1819 182 1857 item
215 1830 301 1857 cum
351 1819 507 1870 optimis
550 1831 639 1858 vera
678 1820 845 1858 servavit
874 1832 907 1858 ν.
945 1817 1011 1859 73.
1045 1816 1099 1858 74
1130 1822 1169 1858 et
1198 1831 1286 1858 cum
1317 1819 1401 1858 solo
1433 1820 1472 1858 B
1501 1832 1534 1859 ν.
1559 1817 1613 1859 94

87 1888 249 1927 cortice.
300 1885 369 1925 sed
399 1885 502 1925 idem
533 1886 663 1938 pravis
693 1888 930 1926 coniecturis
961 1886 1069 1926 solus
1099 1885 1279 1939 indulget
1300 1899 1332 1926 v,
1355 1884 1412 1926 42
1439 1888 1612 1932 colatur,

89 1951 143 1993 58
174 1955 271 2002 sale,
305 1951 359 1993 96
390 1948 566 1994 abdicat.

202 2044 385 2083 Ceterum
426 2049 696 2084 correctorum
736 2057 857 2098 opera
896 2045 1098 2085 luculento
1138 2045 1319 2098 exemplo
1358 2047 1612 2097 cognoscitur

89 2123 122 2150 ν.
164 2109 235 2155 77,
281 2111 391 2151 cuius
427 2113 601 2163 perierat
637 2111 768 2163 aliquo
815 2125 907 2152 casu
947 2113 1240 2152 hemistichium
1278 2114 1404 2165 prius,
1444 2114 1611 2154 alterum

89 2179 145 2218 sic
175 2177 326 2217 videtur
356 2178 395 2218 in
426 2178 638 2232 archetypo
670 2179 856 2220 traditum
887 2181 1025 2220 fuisse:

615 2283 706 2320 quae

552 2328 681 2364 crescit
711 2329 748 2364 in
779 2330 943 2365 acumine
973 2329 1071 2366 radix

89 2424 168 2463 sive
207 2424 242 2462 in
281 2424 458 2475 margine
503 2437 608 2474 quae
648 2425 888 2478 adscriptum
928 2427 1013 2466 fuit.
1074 2427 1166 2467 hinc
1205 2434 1290 2468 orta
1331 2429 1446 2469 lectio
1485 2431 1606 2472 libro-

88 2504 175 2530 rum
215 2491 263 2530 ab
302 2491 422 2530 altera
466 2498 578 2544 parte
617 2493 737 2532 ΑΒῨ
772 2494 880 2541 Quae
915 2497 1060 2535 crescit
1097 2497 1137 2535 in
1168 2499 1352 2537 acumine
1388 2500 1518 2545 radit,
1560 2500 1608 2539 ab

88 2558 209 2598 altera
232 2558 371 2598 OSabc
394 2559 593 2610 Crescitq:
624 2563 665 2600 in
696 2564 884 2601 acumina
913 2565 1052 2603 radix.
1113 2563 1181 2602 sed
1213 2563 1299 2604 illas
1330 2577 1485 2617 quoque
1520 2580 1607 2607 ver-

88 2639 152 2665 sus
191 2625 375 2676 reliquias
420 2639 499 2666 non
538 2627 577 2666 in
618 2633 724 2668 textu
768 2629 971 2683 archetypi
1006 2632 1194 2676 insertas,
1243 2632 1311 2671 sed
1350 2634 1390 2672 in
1430 2636 1607 2687 margine

87 2698 183 2744 puto
221 2693 392 2732 adiectas
429 2693 562 2733 ruisse.
622 2696 698 2734 iam
737 2701 984 2737 correctores
1015 2700 1258 2739 extituerunt
1294 2699 1392 2748 duo,
1437 2714 1605 2753 quorum

89 2759 187 2799 alter
223 2760 418 2813 supplevit
456 2767 497 2801 ut
534 2763 573 2801 in
612 2763 644 2802 T
669 2769 707 2802 et
739 2765 781 2803 in
811 2776 888 2814 mq.
922 2766 959 2804 B
988 2767 1172 2806 Plurima
1201 2770 1346 2807 crescit
1376 2770 1433 2808 ibi
1458 2773 1607 2819 surqu-

88 2838 165 2877 que
192 2829 233 2867 in
262 2831 450 2869 acumina
479 2831 618 2878 radix,
653 2829 750 2870 alter
781 2837 821 2871 ut
858 2833 897 2871 in
918 2834 1005 2874 HV
1030 2847 1062 2873 ν.
1087 2831 1138 2874 77
1171 2833 1313 2886 legitur
1344 2837 1608 2888 Plurimaque
