1884 3126
325 133 351 179 2
908 147 1237 179 PROLEGOMENON

527 268 603 298 vate
634 262 820 311 Syracosio
852 264 913 309 qui
942 263 1080 299 dulcior
1109 261 1336 308 Hes10doque

592 319 719 360 maior,
751 317 925 354 Homereo
956 329 1026 354 non
1057 318 1172 353 minor
1202 328 1264 352 ore
1294 312 1424 361 lluit,¹)

525 373 620 409 illius
650 373 737 409 haec
766 383 907 420 quoque
937 367 1064 420 sunt2)
1094 372 1201 407 divini
1230 370 1403 406 elementa
1432 376 1559 417 poetae

590 434 625 463 et
655 428 752 463 rudis
765 423 793 474 3)
824 428 860 463 in
890 429 984 463 vario
1016 427 1168 463 carmine
1198 425 1366 474 Calliope.

434 513 543 559 Quod
574 526 715 564 corpus
746 525 843 563 quae
873 513 1116 565 complexum
1137 523 1291 564 quoque
1321 511 1432 550 titulo
1453 511 1677 562 insignitum
1696 511 1813 550 suerit

324 581 538 619 nescimus:
577 579 697 618 nolim
728 580 831 618 enim
861 579 1006 618 Naekio
1036 579 1249 623 adsentire,
1289 579 1377 630 quia
1408 577 1606 616 catalectis
1634 579 1675 615 in
1704 577 1813 616 libris

323 647 465 685 nostris
501 645 716 684 subiectum
748 651 806 684 est
835 647 1071 697 epigramma
1101 645 1215 691 illud,
1255 645 1302 683 ad
1332 644 1429 684 haec
1457 649 1608 683 tantum
1637 649 1812 695 spectare

323 713 518 751 statuenti.
578 724 665 750 nam
708 713 878 761 quamvis
916 725 1049 751 verum
1080 712 1128 750 de
1158 712 1218 750 his
1248 713 1297 750 sit
1328 710 1429 762 quod
1461 709 1552 749 dicit
1580 709 1699 748 ‘vario
1730 721 1812 747 car-

323 779 463 823 mine’,
503 783 630 817 tamen
667 780 779 817 rude’s
809 777 979 829 Calliope
1014 780 1054 816 in
1084 778 1186 823 aliis,
1228 777 1331 816 velut
1358 778 1399 815 in
1429 776 1550 815 culice
1580 777 1651 814 ciri
1679 777 1811 819 Aetna,

323 844 442 883 multo
473 846 602 883 verius
632 857 748 895 quam
778 846 818 883 in
851 844 920 883 hac
940 845 1106 883 maxima
1127 857 1173 883 ex
1194 850 1304 895 parte
1331 843 1706 894 elegantissimorum
1727 854 1810 880 car-

322 912 470 949 minum
514 910 658 961 sylloge
697 910 1015 961 deprehenditur.
1074 911 1192 949 immo
1234 910 1410 949 iuvenilis
1453 921 1618 961 poeseos
1657 908 1812 959 corpori

323 978 480 1016 omnino
519 977 727 1015 convenire
764 976 914 1015 videtur
948 978 1183 1027 epigramma
1212 975 1327 1020 illud,
1367 975 1469 1027 quod
1500 987 1588 1014 cum
1619 973 1814 1013 catalectis

322 1043 579 1094 subscriptum
611 1042 726 1081 hodie
754 1042 916 1093 legatur,
949 1043 1110 1081 fortasse
1142 1042 1237 1081 haec
1267 1053 1405 1092 agmen
1435 1040 1526 1079 olim
1558 1040 1792 1079 clauserunt.

433 1109 510 1148 Sed
547 1109 594 1147 de
630 1109 704 1147 hoc
747 1110 830 1159 ipso
870 1111 1095 1148 catalecton
1138 1109 1296 1147 nomine
1341 1108 1500 1158 eiusque
1543 1107 1700 1144 notione
1736 1117 1813 1143 non

324 1178 415 1216 satis
458 1180 618 1215 constat.
678 1188 767 1214 nam
806 1188 891 1214 cum
935 1176 1125 1214 Ausonius
1166 1175 1208 1213 in
1252 1172 1682 1224 grammatico-mastige
1718 1183 1749 1208 ν.
1788 1168 1815 1209 5

325 1243 373 1293 (p.
413 1240 495 1282 203
533 1241 592 1280 ed.
624 1242 725 1292 Bip.)
765 1243 982 1280 &catalecta
1019 1240 1211 1280 Maronis'
1250 1245 1292 1279 ut
1329 1239 1442 1289 vulgo
1481 1238 1664 1277 dicuntur
1701 1236 1814 1287 ‘quid

324 1309 559 1359 significent’
609 1312 788 1358 quaerat,
840 1309 879 1346 in
927 1307 1036 1346 libris
1086 1319 1220 1346 eorum
1267 1307 1345 1345 HR
1391 1306 1638 1354 catatept0n‚
1693 1304 1734 1342 in
1782 1304 1816 1340 Z

323 1372 680 1413 CATHELEPTON
717 1374 901 1424 inscripta
939 1378 1027 1412 sunt
1065 1372 1185 1423 (caret
1219 1372 1333 1411 titulo
1370 1371 1438 1422 B),
1482 1370 1586 1422 quod
1621 1380 1813 1408 memora-

324 1440 391 1478 bili
439 1439 554 1478 modo
603 1440 780 1478 firmatur
827 1439 992 1478 Parisini
1040 1439 1182 1478 codicis
1225 1439 1265 1476 in
1309 1439 1384 1476 vita
1431 1437 1613 1476 Serviana
1657 1434 1815 1485 Vergilii

321 1529 517 1579 scriptura
559 1499 798 1577 catulegton.
865 1527 924 1566 his
960 1528 1079 1577 igitur
1116 1531 1243 1565 motus
1281 1525 1432 1564 indiciis
1468 1525 1591 1576 possit
1627 1523 1816 1574 quispiam

322 1594 479 1645 Bergkii
521 1595 755 1639 sententiae,
801 1606 914 1645 quam
952 1592 1020 1631 ille
1056 1594 1158 1632 inter
1195 1592 1324 1632 theses
1361 1603 1450 1631 suas
1486 1589 1738 1642 philologicas
1775 1591 1815 1627 in

323 1674 421 1700 mus.
459 1661 582 1699 Rhen.
618 1659 687 1698 XX
723 1672 759 1711 p.
792 1657 873 1698 291
927 1660 1282 1710 quinquagesimam
1343 1657 1552 1696 secundam
1602 1656 1814 1707 proposuit,

324 1727 568 1777 adstipulari,
614 1726 734 1764 fuisse
776 1726 967 1776 poematia
1002 1724 1219 1775 Vergiliana
1263 1735 1352 1771 vero
1396 1723 1552 1761 nomine
1588 1723 1815 1771 acatalepton

324 1793 382 1831 vel
421 1787 531 1831 κατὰ
569 1788 732 1830 λεπτόν
778 1791 986 1842 appellata,
1037 1791 1139 1830 unde
1177 1789 1325 1840 vulgari
1364 1801 1453 1828 mox
1493 1799 1563 1827 usu
1601 1790 1815 1837 catalepta,

323 1864 404 1897 tum
442 1859 648 1897 temeraria
693 1859 914 1896 coniectura
959 1862 1047 1896 ante
1087 1857 1245 1895 Ausonii
1283 1860 1445 1895 aetatem
1484 1857 1682 1894 catalecta
1717 1854 1816 1892 sacta

323 1927 412 1964 sint.
470 1925 579 1963 cuius
610 1924 709 1963 tituli
739 1924 965 1974 significatio
1005 1922 1231 1974 explicanda
1262 1923 1334 1961 erit
1364 1920 1548 1972 exemplis
1577 1919 1813 1959 huiusmodi:

324 1994 389 2030 ‘ne
419 1992 519 2030 forte
549 2002 714 2040 quaeras
745 1985 854 2029 κατὰ
883 1987 1044 2028 λεπτὸν
1082 1989 1130 2028 de
1160 1988 1322 2039 singulis
1351 1988 1485 2027 rebus'
1517 1988 1593 2027 Cic.
1626 1986 1672 2025 ad
1702 1987 1814 2026 Attio.

324 2058 357 2096 II
389 2056 451 2102 18,
481 2055 527 2101 2;
560 2052 669 2095 κατὰ
700 2051 861 2095 λεπτὸν
891 2054 964 2095 καὶ
993 2052 1187 2107 ἀκριβῶς
1215 2052 1315 2107 περὶ
1345 2050 1537 2093 ὁτουοῦν
1566 2050 1818 2104 πράγματος

326 2121 609 2174 διαλέγεσθαι
628 2122 836 2174 Phrynich.
859 2124 899 2161 in
920 2121 1087 2161 Bekkeri
1108 2122 1242 2161 anecd.
1259 2133 1297 2172 p.
1311 2118 1379 2165 48,
1399 2118 1468 2165 16;
1492 2117 1655 2158 εἰδέναι
1674 2115 1816 2157 πάντα

325 2185 435 2228 κατὰ
471 2186 633 2228 λεπτόν
670 2190 794 2228 Tzetz.
827 2188 946 2239 Exeg.
977 2188 1010 2226 II
1038 2201 1075 2239 p.
1111 2185 1200 2232 147,
1231 2186 1277 2235 33
1326 2181 1505 2238 νιφετὸς
1540 2180 1567 2237 ἡ
1607 2179 1716 2223 κατὰ
1745 2183 1818 2222 λε-

326 2251 436 2294 πτὸν
476 2253 811 2307 καταφερομένη
850 2252 959 2306 χιών
988 2254 1093 2293 Suid.
1127 2259 1164 2292 et
1199 2254 1310 2293 Phot.
1369 2257 1412 2291 ut
1453 2252 1667 2290 carminum
1709 2245 1818 2288 κατὰ

327 2317 487 2360 λεπτὸν
517 2321 617 2361 liber
646 2322 822 2360 videatur
851 2321 1052 2360 habendus
1083 2332 1167 2359 esse
1197 2322 1261 2371 qui
1290 2321 1331 2358 in
1359 2324 1496 2357 tenues
1525 2316 1707 2369 quasdam
1728 2328 1816 2367 par-

326 2388 461 2428 ticulas
498 2387 556 2426 vel
587 2387 740 2438 eclogas
777 2388 885 2437 quasi
919 2389 959 2426 in
987 2386 1072 2425 filos
1101 2386 1299 2429 diductus,
1338 2395 1416 2424 non
1445 2383 1590 2422 solidus
1619 2388 1683 2421 aut
1713 2394 1816 2421 com-

327 2460 461 2506 pactus
490 2454 549 2493 vel
579 2466 656 2493 uno
686 2455 848 2493 stamine
871 2458 1077 2504 pertextus
1107 2454 1156 2491 sit
1184 2458 1226 2491 ut
1255 2453 1400 2490 maiora
1428 2454 1569 2501 poetae
1590 2460 1717 2499 opera,
1749 2447 1817 2486 sed

329 2520 596 2559 miscellaneus
634 2526 671 2559 et
708 2521 822 2559 variis
860 2521 994 2569 eisque
1031 2519 1177 2571 pusillis
1213 2517 1388 2569 reliquiis
1425 2516 1622 2555 conflatus.
1684 2526 1816 2564 quam-

329 2598 444 2636 quam
474 2588 605 2625 nescio
637 2599 683 2625 an
716 2586 868 2637 disponi
888 2587 1033 2624 rectius
1054 2590 1092 2624 et
1113 2585 1372 2623 discriminari
1392 2582 1450 2622 vel
1480 2582 1554 2632 legi
1574 2580 1632 2620 vel
1653 2580 1817 2620 discindi

329 2653 425 2691 adeo
463 2658 500 2691 et
537 2640 709 2702 dispergi
746 2647 855 2690 κατὰ
892 2646 1075 2703 λεπτὸν,
1122 2663 1218 2701 quae
1255 2652 1406 2689 fuerant
1443 2649 1671 2699 composita,
1712 2646 1816 2685 dieas

418 2784 444 2825 ¹)
470 2784 539 2815 fuit
563 2784 627 2814 liz
717 2783 746 2825 ²)
772 2784 843 2814 sint
870 2783 903 2813 H
993 2781 1020 2823 3)
1045 2783 1140 2815 rudis
1164 2782 1295 2814 BHRZ
1319 2782 1415 2813 rudit.
1438 2782 1541 2822 valyo.
