1884 3126
315 109 364 151 16
888 124 1216 151 PROLEGOMENON

424 235 560 272 Cirin
597 234 858 272 certissimum
898 239 954 272 est
991 244 1117 283 neque
1157 245 1176 271 a
1207 230 1374 282 Vergilio
1412 243 1538 282 neque
1569 244 1589 270 a
1620 230 1797 278 Cornelio

313 299 419 338 Gallo
458 303 579 337 ortam
611 311 713 342 esse;
754 300 861 338 cuius
892 298 1133 350 prooemium
1164 299 1228 349 qui
1266 301 1443 336 accurate
1472 308 1602 335 secum
1632 308 1797 347 perpen-

313 365 432 409 derit,
464 364 576 404 facile
605 364 735 403 sobrio
766 364 902 415 Silligii
931 365 1074 403 iudicio
1106 363 1335 403 subscribet.
1383 363 1455 402 fuit
1484 364 1586 401 enim
1613 363 1800 413 poematis

311 431 412 469 illius
449 436 580 470 auctor
617 431 871 482 provectioris
904 431 979 468 iam
1011 431 1144 469 aetatis
1174 431 1213 467 in
1243 441 1287 467 re
1316 428 1468 479 publica
1499 427 1799 466 administranda

313 502 486 536 versatus
518 502 554 535 et
583 497 753 536 honores
783 501 1002 548 captaverat
1035 497 1079 547 (v,
1102 493 1154 547 2),
1184 494 1322 544 quibus
1352 496 1427 533 iam
1457 495 1613 533 satiatus
1642 493 1799 532 Athenis

313 569 435 602 totum
481 575 522 601 se
565 562 831 614 philosophiae
874 563 1086 613 Epicureae
1129 560 1234 599 dedit
1272 560 1317 610 (V.
1348 558 1373 599 3
1403 571 1485 610 sqq.
1525 559 1572 598 cf.
1606 557 1660 597 22
1690 559 1798 610 sqq),

315 634 442 667 tamen
479 634 522 667 ut
559 640 679 667 novus
718 630 831 667 etiam
871 628 943 667 hoc
972 629 1012 666 in
1042 627 1168 666 studio
1198 628 1317 666 fuisse
1347 626 1522 664 videatur
1555 625 1599 676 (v.
1630 623 1685 663 42
1714 626 1800 676 sq),

314 697 544 746 promittens
583 695 672 733 olim
704 708 745 733 se
774 707 904 733 rerum
942 698 1118 733 naturam
1155 694 1355 744 magnifico
1385 698 1564 744 poemate
1593 691 1802 730 illustratu-

315 773 399 799 rum
431 773 516 799 esse
548 760 593 811 (v.
619 759 814 811 12-41),
853 761 1008 799 interim
1047 761 1170 811 prima
1209 755 1297 797 aevi
1326 758 1543 797 rudimenta
1573 758 1617 808 (V.
1644 755 1699 795 44
1718 757 1801 808 sq),

317 832 452 878 coepta
482 826 596 877 longo
628 840 672 865 ex
705 832 878 878 tempore
910 826 954 878 (v.
979 824 1030 877 9),
1062 825 1182 864 multo
1213 824 1363 876 vigilata
1393 824 1525 863 labore
1557 823 1601 874 (v,
1621 821 1689 874 46)
1721 823 1803 861 diu-

318 906 391 943 que
422 884 610 943 promissa
645 892 688 943 (v,
720 891 806 943 47),
846 892 893 930 de
924 891 1052 942 Scylla'
1079 904 1235 931 carmen
1265 891 1485 936 Messallae,
1524 892 1705 929 iuvenum
1736 889 1803 927 ‹lo-

318 960 487 997 ctissimo
528 959 572 1009 (v.
603 956 669 997 54.
701 956 788 1009 36),
829 958 965 996 desert.
997 958 1099 996 idem
1130 958 1256 996 Musas
1294 956 1384 996 olim
1424 969 1465 995 se
1495 956 1659 995 coluisse
1689 959 1804 1006 atque

319 1026 460 1075 elegias
502 1024 697 1063 interdum
742 1023 876 1062 ludere
921 1026 967 1072 (v.
1003 1022 1053 1062 19
1081 1026 1135 1074 sq.
1174 1021 1227 1061 92
1257 1022 1353 1074 sqq.)
1398 1023 1610 1072 profitetur.
1671 1021 1806 1070 quodsi

318 1093 365 1131 M.
398 1091 590 1131 Valerium
619 1090 836 1129 Messallam
868 1090 1093 1133 Corvinum,
1126 1088 1405 1127 nobilissimum
1438 1093 1643 1132 oratorem,
1675 1087 1805 1138 appel-

319 1159 441 1203 laret,
461 1159 643 1209 scriptam
675 1169 759 1196 esse
790 1156 894 1195 Cirin
927 1156 1147 1194 efficeretur
1177 1167 1278 1194 anno
1310 1152 1390 1193 709
1420 1153 1476 1192 vel
1500 1152 1592 1198 710,
1625 1166 1712 1192 cum
1742 1152 1806 1191 ille

319 1225 468 1263 iuvenis
498 1224 656 1263 Athenis
687 1222 823 1261 studiis
859 1222 1011 1260 deditus
1043 1226 1143 1260 esset
1174 1221 1234 1270 (cf.
1265 1221 1341 1266 Cic,
1375 1220 1419 1258 ad
1450 1220 1524 1258 Att.
1555 1219 1623 1258 XII
1643 1218 1708 1259 32.
1741 1218 1806 1258 XV

324 1289 405 1342 l7):
439 1302 525 1328 nam
556 1290 687 1340 postea
717 1300 838 1339 usque
869 1288 914 1326 ad
946 1300 1088 1326 annum
1110 1285 1188 1325 727
1217 1286 1383 1324 civilium
1415 1286 1656 1335 aliorumque
1686 1284 1805 1323 bello-

320 1368 404 1395 rum
442 1354 622 1393 ssuctibus
659 1354 818 1392 iactatus
856 1366 992 1392 vereor
1022 1359 1064 1391 ut
1101 1352 1165 1391 tali
1202 1353 1369 1403 poemati
1405 1351 1568 1401 legendo
1605 1351 1805 1389 vacaverit.

321 1422 387 1460 sed
420 1426 578 1459 noverat
607 1425 718 1471 poeta
748 1419 811 1458 illc
831 1419 1010 1458 Aeneidis
1039 1418 1160 1457 libros
1187 1417 1397 1457 secundum
1428 1418 1472 1469 (v.
1495 1414 1604 1468 402),
1637 1418 1805 1459 tertium,

320 1488 422 1527 unde
452 1501 485 1525 v.
511 1485 589 1526 125
611 1499 682 1536 sq„
715 1491 752 1524 et
781 1491 941 1530 sextum,
973 1485 1075 1523 unde
1096 1498 1127 1522 v.
1150 1482 1231 1523 406
1253 1485 1291 1522 in
1321 1480 1433 1522 'suum
1465 1495 1620 1522 carmen
1646 1482 1689 1534 (v,
1712 1480 1805 1521 476.

320 1552 413 1605 280)
446 1552 670 1595 transtulit;¹
699 1564 746 1590 ne
777 1551 900 1590 dicam
932 1551 979 1589 de
1010 1551 1140 1601 quinto
1173 1550 1234 1601 (cs.
1266 1562 1299 1588 v,
1331 1547 1423 1588 318.
1455 1547 1561 1600 349).
1622 1548 1733 1599 plura
1763 1560 1809 1586 ex

323 1621 481 1671 eclogis,
513 1619 585 1658 alia
618 1631 663 1657 ex
694 1619 902 1668 georgicon
932 1617 947 1655 l
978 1617 1126 1655 furatus
1157 1621 1234 1659 est,
1267 1615 1426 1654 collecta
1457 1616 1584 1654 omnia
1616 1627 1635 1653 a
1668 1614 1806 1653 Schra-

322 1688 415 1725 dcro
454 1685 631 1724 emendd.
663 1698 700 1735 p.
730 1682 784 1722 33
814 1695 884 1733 sq„
923 1683 968 1721 ad
1001 1682 1172 1732 singulos
1208 1696 1228 1721 a
1259 1694 1320 1720 me
1350 1693 1482 1720 versus
1519 1686 1660 1720 notata.
1717 1692 1808 1730 ergo

323 1765 398 1791 non
437 1757 524 1790 ante
561 1763 672 1801 quam
712 1751 896 1788 recitatus
926 1748 1059 1787 saltem
1092 1753 1151 1787 est
1180 1747 1278 1786 liber
1308 1747 1353 1785 Vl
1385 1759 1485 1785 anno
1516 1745 1593 1785 731
1625 1746 1682 1784 vel
1714 1744 1806 1788 732,

323 1819 418 1857 Ciris
448 1823 574 1869 potest
602 1818 744 1867 scripta
775 1827 867 1860 esse,
900 1827 986 1853 cum
1010 1815 1196 1852 Corvinus
1226 1813 1289 1854 ille
1319 1813 1528 1851 iuventutis
1559 1813 1654 1850 fines
1686 1816 1806 1850 trans-

323 1897 480 1935 gressus
511 1889 622 1923 essct.
683 1884 757 1920 iam
790 1882 893 1933 optio
914 1881 999 1920 data
1028 1886 1086 1919 est
1106 1881 1183 1918 sive
1208 1876 1326 1917 lilium
1349 1878 1461 1922 illius,
1492 1879 1531 1916 in
1554 1889 1630 1927 quo
1661 1878 1808 1927 ‘imago

324 1957 506 2002 paternae
543 1948 765 1987 sacundiae’
799 1947 899 1997 (Tac.
933 1959 1020 1985 ann.
1043 1946 1093 1984 Ill
1123 1944 1178 1985 34
1207 1945 1254 1983 cs.
1277 1945 1399 1983 Ovidii
1430 1956 1476 1982 ex
1506 1944 1628 1982 Ponto
1659 1941 1807 1982 111251

325 2019 420 2069 sqq.)
454 2021 547 2061 erat,
570 2017 617 2055 M.
640 2014 833 2053 Valerium
854 2012 1078 2057 Messallam,
1111 2013 1176 2063 qui
1196 2010 1437 2050 Messallinus
1470 2009 1686 2054 vocabatur,
1718 2021 1808 2047 eon-

323 2084 443 2122 sutem
483 2083 570 2121 anui
603 2080 701 2126 751,
743 2081 909 2119 amicum
940 2078 1060 2117 Ovidii
1102 2079 1161 2128 (ex
1190 2078 1313 2116 Ponto
1344 2077 1359 2114 I
1390 2075 1425 2115 7.
1458 2076 1489 2114 II
1519 2074 1557 2126 2)
1598 2075 1716 2114 mavis
1752 2076 1810 2112 in-

324 2150 508 2200 tellegere
539 2149 617 2187 sive
647 2152 827 2198 nepotem
850 2146 897 2184 M.
921 2145 1112 2184 Valerium
1134 2143 1347 2183 Messallam
1370 2155 1448 2182 cos.
1473 2144 1562 2181 anni
1583 2140 1638 2181 20
1658 2154 1694 2193 p.
1719 2141 1808 2180 Chr.

327 2217 427 2268 (Tae.
452 2227 538 2254 ann.
561 2214 612 2253 III
633 2212 670 2264 2)
694 2214 772 2251 sive
803 2212 1032 2263 abnepotem
1064 2210 1348 2261 cognominem,
1380 2209 1445 2259 qui
1466 2220 1566 2248 anno
1587 2205 1639 2246 58
1661 2220 1698 2258 p.
1722 2206 1809 2245 Chr.

326 2282 524 2322 consulatu
547 2293 632 2319 cum
655 2280 810 2318 Nerone
830 2279 986 2317 functus
1009 2282 1065 2316 est
1091 2276 1191 2328 (Tac.
1213 2287 1300 2314 anu.
1323 2274 1409 2313 XIII
1431 2272 1510 2324 34).
1555 2275 1657 2312 inter
1678 2273 1809 2322 Vergi-

326 2349 426 2387 liana
464 2348 632 2386 carmina
672 2345 831 2384 relatam
865 2344 968 2383 Cirin
999 2344 1093 2393 legit
1123 2342 1348 2386 Suetonius,
1381 2344 1422 2378 ut
1452 2341 1576 2390 primo
1605 2344 1691 2390 post
1720 2337 1808 2376 Chr.

327 2414 479 2454 saeculo
509 2413 703 2452 recentior
733 2416 867 2450 auctor
897 2410 1032 2449 haberi
1062 2421 1139 2448 non
1160 2408 1291 2458 possit,
1324 2417 1487 2456 cumque
1508 2405 1677 2445 metricis
1699 2403 1810 2442 etiam

327 2481 367 2520 L.
391 2479 567 2520 Muelleri
589 2479 637 2530 (p.
659 2476 724 2529 42)
748 2476 962 2516 rationibus
992 2475 1106 2525 longe
1136 2473 1236 2514 ultra
1258 2473 1415 2524 Augusti
1445 2476 1606 2510 aetatem
1630 2468 1811 2521 progredi

326 2553 513 2590 vetemur,
541 2544 759 2584 Messallino
787 2554 942 2582 carmen
964 2541 1179 2580 dedicatum
1212 2552 1295 2579 esse
1325 2540 1546 2578 coniectura
1567 2535 1743 2576 Teuffelii
1772 2536 1812 2573 in

327 2613 435 2653 Pauli
456 2611 599 2662 encycl.
621 2624 656 2661 p.
674 2608 781 2649 2657
802 2608 949 2661 prolata
971 2620 1064 2659 prae
1086 2607 1225 2646 ceteris
1245 2605 1381 2656 placet.
1415 2605 1479 2653 qui
1500 2615 1587 2642 cum
1610 2613 1711 2640 anno
1733 2598 1810 2640 727

329 2691 426 2731 puer
455 2679 571 2716 fuisse
601 2675 772 2715 videatur
795 2673 983 2727 (Tibullus
1013 2675 1113 2712 enim
1145 2674 1183 2711 in
1215 2672 1333 2722 elegia
1356 2671 1369 2709 I
1391 2670 1516 2709 7'hoc
1545 2680 1645 2708 anno
1671 2668 1810 2718 scripta

332 2758 361 2785 v.
385 2743 439 2785 55
461 2748 566 2797 optat
595 2743 694 2795 patri
725 2748 767 2780 ut
798 2745 1038 2780 ‘succrescat
1068 2738 1208 2791 proles,
1240 2736 1455 2789 quaefacta
1484 2735 1656 2787 parentis
1678 2738 1813 2795 augeat
