1884 3126
760 163 906 193 ennox.
1545 145 1600 190 83

194 281 270 320 iam
302 279 538 319 Pandionias
568 277 811 318 miserandas
842 275 952 330 prole
982 274 1145 329 puellas,

194 366 363 409 quarum
393 365 466 392 vox
497 351 582 404 Ityn
613 351 694 392 edit
723 350 826 404 Ityn,
858 361 937 402 quo
967 349 1169 389 Bistonius
1199 360 1269 387 rex

194 427 315 468 orbus
346 439 468 480 epops
498 431 648 466 maeret
676 424 847 465 volucris
878 427 1038 463 evectus
1067 423 1108 461 in
1138 433 1267 463 auras,

194 506 232 541 at
262 500 534 540 discordantes
564 498 734 539 Cadmeo
764 498 916 538 semine
946 496 1090 536 fratres

193 576 269 614 iam
298 573 518 614 truculenta
547 573 680 612 serunt
708 571 927 623 infestaque
958 569 1103 610 lumina
1134 580 1281 620 corpus
1517 570 1597 608 255

195 648 292 688 alter
322 649 361 686 in
392 647 574 692 alterius;
605 647 762 696 iamque
792 649 994 684 aversatur
1024 647 1202 695 uterque,

195 722 311 773 impia
342 721 520 772 germani
550 723 682 759 manat
712 717 815 769 quod
846 717 1037 769 sanguine
1068 716 1218 756 dextra.

195 794 296 834 eheu
326 793 535 833 mutandus
565 803 780 844 numquam
809 790 941 831 labor!
973 791 1133 830 auferor
1164 788 1265 829 ultra

195 868 234 906 in
266 866 438 911 diversa,
471 866 596 917 magis
627 865 807 905 distantia
838 865 998 904 nomina
1029 876 1168 904 cerno:

195 940 387 980 Eridanus
416 939 653 985 winandus,
685 950 780 991 agor
811 937 965 977 delatus
996 937 1044 976 ad
1075 936 1234 976 undam.
1522 938 1605 978 260

196 1013 306 1053 obvia
336 1012 590 1065 Persephone
620 1013 784 1052 comites
811 1011 995 1051 heroidas
1027 1015 1169 1061 urguet

196 1086 380 1126 adversas
410 1086 613 1138 praeferre
642 1086 761 1126 faces.
821 1084 988 1125 Alce-stis
1019 1083 1067 1123 ab
1099 1085 1206 1123 omni

196 1158 378 1199 inviolata
410 1164 518 1198 vacat
547 1171 660 1204 eura,
692 1158 798 1211 quod
829 1170 943 1198 saeva
973 1157 1103 1197 mariti

170 1296 247 1334 251
281 1296 449 1344 namq-H
523 1294 721 1332 miseranda
750 1296 775 1340 l,
807 1295 976 1332 Bembus
1062 1294 1142 1332 252
1174 1293 1290 1339 Quare
1331 1295 1362 1333 V
1424 1307 1494 1333 vox
1523 1295 1603 1346 Ityn

85 1353 158 1389 edit
195 1352 274 1400 Ityn
314 1353 482 1400 Silliyius
518 1363 590 1388 uox
628 1353 657 1388 it
691 1352 729 1387 in
759 1350 803 1386 ed
844 1357 931 1399 ytyn
963 1352 1000 1387 B
1036 1362 1107 1387 uox
1143 1352 1171 1387 it
1199 1353 1236 1388 in
1267 1352 1412 1401 aedytin
1443 1354 1482 1389 Ε
1508 1355 1605 1390 uexit

84 1409 243 1457 inedityn
287 1409 316 1446 0
352 1420 423 1445 uox
459 1409 507 1444 sit
550 1407 723 1456 inedytyn
769 1407 806 1443 Y
836 1418 908 1443 uox
945 1409 993 1444 sit
1031 1408 1067 1443 in
1112 1407 1235 1456 edityn
1278 1409 1328 1445 Pt
1371 1420 1443 1445 uox
1479 1411 1526 1446 sit
1569 1412 1604 1447 in

85 1487 243 1536 edyntyn
287 1488 320 1524 Α
363 1498 436 1524 uox
483 1487 530 1523 sit
575 1487 612 1523 in
658 1487 735 1522 itim
769 1487 813 1522 H
861 1496 932 1522 uox
982 1474 1137 1522 iterat-s
1183 1487 1261 1523 itim
1295 1488 1338 1524 Vl
1381 1499 1453 1524 uox
1497 1490 1606 1526 itera-

85 1549 144 1579 tur
181 1545 270 1592 itym
307 1544 350 1580 K
381 1554 450 1579 vox
494 1543 645 1591 querula
682 1546 755 1587 est,
795 1547 941 1590 superat
980 1552 1027 1580 εα
1065 1554 1132 1579 vox
1176 1543 1256 1591 Ityn
1302 1550 1338 1580 et
1375 1544 1456 1593 Ityn
1494 1546 1606 1582 Bem-

86 1600 155 1637 bus
197 1611 266 1636 vox
309 1599 460 1636 iterabat
500 1598 581 1647 Ityn
625 1599 870 1635 Schraderus
970 1610 1042 1646 quo
1080 1600 1123 1636 K
1132 1600 1175 1636 VI
1212 1599 1310 1647 quod
1352 1599 1446 1648 Ψψ,
1493 1603 1605 1639 Bem-

87 1656 156 1692 bus
252 1654 307 1691 his
338 1655 457 1692 tonius
480 1655 510 1692 C
534 1654 688 1691 histonis
716 1655 752 1691 1⁷
775 1654 965 1691 bostonius
994 1657 1006 1691 l
1123 1655 1204 1693 253
1234 1655 1336 1694 Orbis
1365 1659 1379 1694 l
1456 1669 1544 1706 epos
1578 1660 1609 1695 V

87 1723 155 1759 ope
182 1714 196 1748 l
273 1717 385 1748 meret
405 1711 559 1748 BCHY
637 1710 794 1747 uolucris
824 1710 868 1747 H
895 1711 1062 1748 uolucres
1092 1712 1227 1758 ΑΕΨ,
1260 1713 1429 1750 Bembus
1458 1713 1512 1762 (in
1543 1726 1604 1752 ce-

88 1770 180 1804 teris
216 1773 343 1804 utrum
378 1779 398 1804 e
428 1779 478 1804 an
509 1768 520 1804 i
558 1770 606 1804 sit
643 1765 785 1813 nescio)
901 1767 983 1804 254
1012 1767 1066 1804 Ad
1106 1769 1230 1806 BCVI
1315 1775 1452 1807 catuleo
1490 1769 1519 1818 (t
1555 1784 1602 1808 m.

86 1834 165 1860 rec.
196 1835 298 1861 corr.
330 1826 368 1860 in
399 1822 436 1871 d)
474 1824 510 1859 B
539 1829 675 1860 catmeo
707 1823 770 1860 GP
804 1823 967 1860 cathmeo
1006 1824 1043 1861 Y
1121 1826 1315 1873 sanguine,
1355 1837 1558 1874 suprascr.
1590 1829 1607 1863 i

85 1881 222 1957 semin}
249 1879 279 1917 Ο
305 1881 479 1929 sanguine
507 1880 601 1927 Ρεα,
633 1880 800 1917 Bembus
829 1877 943 1916 cami&
973 1879 1023 1927 (h.
1057 1891 1089 1917 e.
1122 1880 1290 1929 carmine)
1319 1884 1333 1918 l
1419 1882 1471 1919 ffs
1503 1884 1534 1921 C

86 1969 167 2006 255
226 1969 389 2018 festaque
427 1969 644 2018 (suprascr.
667 1982 715 2006 m.
737 1969 882 2018 eadem)
904 1971 941 2007 B
970 1971 1174 2020 infectaque
1194 1973 1364 2009 AHPYt
1456 1973 1604 2011 vulnera

86 2026 253 2063 Bembus
354 2026 434 2064 256
467 2037 536 2074 que
567 2038 637 2063 om.
667 2027 711 2063 H
787 2032 975 2063 auersatur
1004 2026 1063 2074 (Y
1087 2033 1180 2064 teste
1212 2028 1355 2076 Vossio)
1387 2031 1495 2066 codd.
1530 2031 1603 2067 Ou-

85 2083 286 2129 dendorpii
310 2084 363 2119 ad
389 2083 464 2119 Iul.
500 2083 632 2131 Obseq.
666 2094 699 2119 c.
733 2083 812 2120 118
844 2088 1030 2119 auersatus
1060 2084 1278 2121 ABCEPY
1300 2095 1377 2121 sec.
1406 2087 1604 2123 Froehne-

86 2150 186 2184 rum,
230 2139 398 2175 Bembus
442 2138 650 2176 aduersatus
695 2139 854 2178 HVltea
970 2139 1049 2176 257
1081 2139 1178 2188 Inpia
1226 2141 1260 2177 V
1346 2143 1527 2189 germania
1565 2144 1608 2180 H

85 2205 252 2242 germana
281 2195 320 2231 E
393 2205 436 2244 q’
466 2195 510 2232 H
621 2195 701 2232 258
732 2195 811 2231 Heu
839 2196 911 2231 heu
943 2196 1008 2233 Vle
1038 2195 1116 2232 Heu
1146 2197 1190 2232 H
1264 2197 1472 2234 mactandus
1502 2210 1606 2235 num-

88 2261 193 2298 quam
222 2250 323 2287 lahor
350 2253 365 2287 l
393 2262 576 2299 nunquam
605 2251 706 2287 labor
734 2251 926 2287 mutandus
958 2252 997 2287 Ε
1107 2251 1188 2289 259
1219 2251 1267 2288 lm
1289 2253 1333 2289 H
1348 2266 1395 2290 m.
1421 2255 1442 2290 1
1515 2261 1604 2302 post

86 2305 225 2342 diversa
253 2308 427 2344 distinxit
456 2308 632 2355 Heynius
717 2308 861 2343 nomina
890 2307 1044 2344 APVY
1067 2309 1211 2344 numina
1242 2307 1333 2350 ΕΨ,
1366 2310 1534 2348 Bembus

87 2361 170 2398 260
198 2360 368 2398 Eridanus
414 2363 659 2400 Schraderus
694 2362 836 2398 Elisiam
872 2364 915 2399 H
926 2364 990 2401 Vle
1027 2362 1180 2412 Elysiam
1221 2363 1312 2407 Ψω,
1352 2367 1520 2404 Bembus

89 2416 298 2453 tranandum
318 2419 362 2454 H
378 2431 426 2455 m.
450 2419 485 2460 1,
517 2430 620 2455 corr.
642 2431 690 2455 m.
714 2429 794 2455 rec.
816 2419 1009 2455 tradendus
1038 2422 1051 2456 l
1120 2420 1250 2457 dilatus
1272 2422 1349 2457 BE
1412 2422 1490 2460 261
1523 2435 1605 2473 per-

87 2473 247 2520 sephone
277 2473 413 2519 ΑΕΨ,
446 2475 610 2512 Bembus
638 2486 703 2522 per
731 2475 895 2522 sophone
925 2475 1008 2511 BY
1030 2472 1273 2524 perse'phore,
1310 2480 1349 2515 in
1379 2491 1451 2527 my.
1472 2480 1517 2516 'ai
1545 2492 1605 2516 so-

87 2529 207 2576 phone
229 2529 258 2566 C
285 2530 500 2578 thesiphone
527 2533 541 2567 l
572 2531 757 2578 tesiphon‘e
779 2540 799 2568 ε
885 2531 1050 2568 heroidas
1081 2539 1214 2581 urguet
1235 2533 1272 2569 B
1300 2534 1465 2571 heroidas
1496 2543 1604 2585 urget

88 2584 203 2631 Pleu,
237 2586 403 2623 Bembus
446 2587 585 2637 groidas
615 2592 723 2635 urget
761 2587 797 2623 Y
824 2586 999 2635 heroydas
1031 2594 1138 2637 urget
1177 2589 1207 2625 V
1233 2589 1381 2626 heroida
1412 2598 1541 2640 surget
1571 2594 1605 2630 A

88 2641 259 2678 hoeroida
294 2647 422 2690 surget
453 2642 482 2679 C
517 2642 638 2679 eroida
675 2653 786 2691 surge
824 2643 863 2679 Ε
895 2643 1043 2680 herodia
1079 2650 1238 2693 surgunt
1266 2646 1309 2682 H
1422 2648 1502 2685 262
1533 2649 1604 2685 Ad-

62 2700 232 2737 ‘uersum
258 2707 279 2737 ε
362 2698 544 2746 praeferre
583 2701 792 2736 nonnullae
834 2701 916 2736 edd.
959 2705 1059 2747 vett„
1101 2701 1363 2739 Marklandus
1402 2705 1455 2740 ad
1493 2704 1607 2742 Statii

88 2754 170 2790 silv.
201 2753 262 2796 Vl,
308 2754 388 2792 257
428 2755 591 2804 perferre
620 2754 697 2792 52⁶0
787 2766 892 2792 uaces
922 2757 959 2792 B
1001 2757 1095 2793 vices
1130 2769 1245 2805 prop.
1284 2758 1468 2808 Heinsius
1513 2762 1604 2798 acies

89 2842 333 2881 Schrader-us
408 2845 585 2896 celestis!
662 2844 742 2882 263
773 2844 982 2883 Conuiolata
1011 2832 1024 2883 ἶ
1098 2852 1202 2884 uocat
1231 2848 1243 2884 l
1280 2831 1330 2898 ἶ
1354 2850 1396 2886 Η
1452 2862 1538 2887 seua
1575 2851 1612 2887 Y

894 2921 899 2925 .
1274 2911 1335 2957 6*
