1884 3126
347 120 426 164 150
959 135 1212 163 CATALEGTA.

454 258 524 296 pro
556 246 642 295 quis
672 246 799 284 onmia
830 245 1043 284 honoribus
1072 245 1160 285 huic
1192 259 1350 286 neccsse
1381 247 1520 298 Priapo
1550 253 1609 287 est

454 321 651 368 praestare
682 321 719 356 et
749 317 894 356 domini
922 317 1119 357 hortulum
1151 319 1377 372 vineamque
1409 321 1518 358 tueri.

455 401 574 440 quare
604 389 712 434 hinc,
744 401 766 428 o
796 391 925 441 pueri,
957 390 1077 429 malas
1107 390 1297 430 abstinete
1327 392 1498 442 rapinas:

457 462 600 501 vicinus
630 474 753 513 prope
783 462 889 501 dives
921 467 979 501 est
1007 463 1294 514 neglegensque
1326 464 1496 514 Priapus.
1781 468 1832 504 20
1877 510 1880 513 Δ

455 532 544 572 inde
574 535 731 573 sumite:
765 535 902 573 semita
932 534 1028 574 haec
1059 534 1199 574 deinde
1230 547 1295 574 vos
1325 535 1424 574 seret
1454 536 1550 587 ipsa.

1074 654 1107 695 I.

455 732 560 773 liclia
590 745 706 785 saepe
737 734 807 772 tibi
838 734 952 772 venit.
1011 734 1091 779 sed,
1123 734 1263 779 Tucca,
1299 735 1426 774 videre

512 818 589 844 nou
619 805 948 845 licetz‘occulitur
979 805 1108 845 limine
1140 806 1268 846 clausa
1298 809 1380 846 viri.

457 877 560 916 Delia
591 889 706 928 saepe
737 878 822 926 tibi,
856 890 933 916 non
963 880 1066 917 venit
1095 879 1219 918 adhuc
1250 879 1362 918 mihi:
1397 893 1562 931 namquo

510 951 540 988 si
571 949 780 997 occulitur,
813 949 926 1000 longe
956 955 1014 989 est
1042 955 1202 1001 tangere
1231 952 1332 1002 quod
1363 964 1548 1002 nequeas,

456 1023 620 1060 venerit:
653 1021 792 1061 audivi.
853 1021 920 1060 sed
951 1023 1026 1061 iam
1056 1022 1148 1061 mihi
1179 1024 1336 1063 nuntius
1366 1025 1439 1063 iste
1812 1027 1834 1063 ἔ)

510 1093 599 1143 quid
629 1093 814 1145 prodest?
845 1093 898 1132 illi
929 1094 1062 1143 dicite,
1097 1096 1188 1145 quoi
1218 1096 1350 1134 rediit!

511 1294 799 1332 Corinthiorum
830 1299 978 1333 amator
1007 1295 1078 1333 iste
1109 1294 1327 1339 verborum,

431 1462 480 1498 17
512 1463 590 1510 quis
614 1463 806 1500 BHRZeoc
836 1463 962 1510 quibus
991 1464 1031 1499 Χ
1069 1463 1272 1500 Vossianus
1303 1468 1395 1499 lcslc
1426 1465 1661 1501 Burmanno.
1695 1491 1700 1496 .
1757 1466 1838 1501 huie

347 1520 495 1564 scripsi.
537 1518 604 1554 hoc
638 1519 868 1556 ΒΗΒΧΖεα
973 1519 1094 1566 priapo
1135 1524 1189 1554 cst
1225 1519 1258 1554 B
1295 1519 1417 1566 priapo
1451 1520 1544 1555 ΧΖα
1582 1520 1700 1567 priape
1740 1522 1838 1558 ΗΒΕ

431 1573 481 1610 18
511 1573 675 1609 Prestare
710 1575 790 1609 BH
896 1570 918 1624 ᾗ
948 1585 1146 1620 suprascr.
1178 1574 1222 1609 H
1330 1574 1509 1610 hortulum
1551 1576 1685 1610 uincam
1715 1576 1837 1614 ΒΧεα

346 1625 497 1665 hortuffi
523 1627 629 1665 niuei}
659 1629 702 1664 H
727 1630 863 1665 uineam
895 1630 1037 1665 hortum
1068 1630 1135 1666 RZ
1248 1630 1296 1666 19
1327 1629 1433 1665 malas
1465 1631 1556 1666 RZa
1586 1631 1672 1666 mala
1703 1632 1837 1669 ΒΗΧε

431 1685 552 1732 rapina
581 1685 640 1722 Xe
754 1685 807 1722 20
835 1685 986 1721 Vicimus
1016 1686 1051 1721 R
1151 1685 1250 1721 diues
1281 1685 1423 1726 ΒΗεα,
1464 1698 1531 1721 om.
1563 1687 1630 1722 RZ
1726 1687 1839 1734 negli-

346 1751 434 1788 gens
455 1741 490 1776 R
577 1751 645 1787 que
666 1752 735 1776 om.
757 1753 782 1775 α
896 1739 945 1775 21
978 1741 1123 1776 sumine
1144 1741 1178 1776 R
1264 1741 1387 1776 semita
1408 1741 1502 1776 XZa
1523 1742 1680 1777 semitam
1704 1742 1836 1780 BHRe

431 1796 496 1835 hec
524 1796 566 1831 H
648 1795 691 1831 de
718 1794 756 1831 iri
785 1795 826 1830 H

459 1884 480 1919 1.
529 1884 549 1919 1
581 1883 674 1920 Delia
704 1884 877 1931 Scaliyer
905 1884 951 1919 De
982 1895 1049 1931 qua
1081 1884 1269 1921 BRXZea
1299 1881 1371 1930 Det]
1400 1885 1442 1919 H
1557 1869 1661 1932 saepes
1689 1887 1724 1922 R
1754 1897 1838 1933 sepe

349 1940 424 1976 BH
461 1939 574 1975 Tucca
611 1951 635 1974 α
781 1938 843 1975 tihi
879 1940 940 1975 hic
977 1951 1045 1976 om.
1083 1938 1126 1976 R·
1274 1945 1373 1975 tucca
1409 1940 1496 1977 ΒΖΕ
1535 1941 1624 1975 tuica
1661 1940 1700 1976 H
1735 1952 1838 1988 saepe

348 2029 447 2064 BXoc
533 2012 652 2063 uideri}
682 2026 745 2063 tibi
775 2029 809 2064 R
923 2027 946 2063 2
978 2027 1132 2063 oculitur
1162 2028 1201 2063 H
1286 2027 1416 2062 lumine
1446 2029 1504 2064 Xe
1589 2040 1692 2064 causa
1721 2031 1755 2065 R

349 2118 372 2154 3
404 2116 496 2152 Delia
527 2116 699 2163 Scaliger
729 2116 875 2163 Delqua
904 2114 986 2162 (sic)
1017 2117 1050 2152 R
1087 2115 1134 2150 De
1165 2127 1232 2162 qua
1262 2116 1414 2152 ΒΧΖεα
1444 2099 1519 2163 Deis
1545 2117 1587 2152 H
1687 2107 1770 2164 sepe
1800 2119 1840 2153 H

348 2184 387 2207 se
417 2182 436 2209 ε
528 2182 600 2207 non
631 2171 692 2207 tibi
723 2172 831 2207 HRZ
949 2170 974 2206 4
1004 2170 1191 2206 Sicculitur
1221 2170 1328 2218 longe
1358 2176 1412 2206 est
1442 2172 1484 2207 H
1511 2171 1568 2207 Sic
1597 2171 1704 2218 longe
1735 2183 1837 2207 occu-

350 2233 426 2275 tusr
455 2228 489 2263 R
621 2227 644 2263 5
676 2226 795 2262 audiui
832 2227 866 2261 B
903 2231 962 2262 aut
998 2225 1061 2262 tibi
1098 2227 1228 2262 RXZoc
1265 2230 1324 2261 aut
1361 2225 1407 2261 ibi
1442 2228 1502 2264 Ηε
1538 2226 1596 2262 illa
1634 2226 1697 2262 tibi
1734 2227 1836 2274 Hegs-

349 2285 435 2319 m’us
547 2282 609 2317 sed
646 2283 713 2317 iam
750 2283 825 2318 HR
840 2282 940 2319 Voss.
971 2281 999 2317 11
1034 2291 1080 2319 εα
1117 2282 1183 2317 iam
1227 2282 1292 2317 iam
1332 2281 1437 2317 BXZ
1573 2286 1632 2317 aut
1668 2282 1734 2317 iam
1771 2283 1836 2318 iani

351 2329 439 2374 nbiz'
462 2337 524 2373 sed
553 2337 638 2373 mihi
667 2338 840 2385 Scaliyer
931 2337 1052 2373 nutius
1082 2338 1117 2373 R
1207 2368 1209 2370 .
1241 2337 1263 2373 6
1295 2336 1411 2372 dicere
1441 2338 1499 2375 Χε
1529 2337 1636 2372 dicito
1667 2337 1839 2385 Scaliyer

433 2394 519 2440 quoi
548 2394 761 2439 Hauptius,
793 2394 860 2428 sed
887 2397 975 2429 ante
1005 2403 1087 2428 eum
1117 2393 1172 2428 cui
1202 2393 1385 2439 Heynz'us.
1437 2393 1496 2440 qui
1527 2393 1561 2428 B
1590 2403 1678 2439 quae
1708 2393 1839 2428 RXZoc

352 2460 420 2496 que
441 2449 502 2486 Ηε
598 2448 753 2484 'Versum
774 2448 798 2484 5
820 2458 874 2495 sq.
897 2450 951 2484 sic
973 2449 1089 2484 scribi
1107 2449 1206 2484 iubet
1226 2449 1521 2499 Hcrtzberyius:
1551 2447 1686 2483 venerit
1706 2453 1744 2483 ut
1765 2447 1837 2488 tibi,

353 2505 409 2540 sit.
443 2503 504 2539 sed
535 2515 610 2539 earn
639 2503 723 2539 mihi
757 2514 851 2539 nunc
883 2502 1030 2539 rediisse
1060 2502 1149 2546 Quid
1176 2503 1321 2550 prodest
1355 2503 1405 2538 illi
1440 2503 1557 2539 dicere
1595 2513 1683 2550 quae
1711 2502 1838 2538 rediit?

460 2558 501 2594 11.
533 2559 783 2603 Quintilianus
813 2558 883 2593 VIII
914 2558 956 2599 3,
988 2558 1039 2595 28
1077 2555 1212 2594 emulta
1250 2560 1327 2595 alia
1357 2561 1467 2594 etiam
1497 2560 1694 2595 audentius
1722 2560 1840 2593 inseri

315 2630 327 2642 =
347 2619 517 2662 possunt,
549 2616 617 2650 sed
643 2617 695 2650 ita
726 2616 879 2659 demum,
911 2616 945 2650 si
971 2625 1046 2650 non
1076 2615 1263 2660 adpareat
1293 2614 1510 2660 adfectatio,
1541 2616 1579 2649 in
1607 2625 1718 2659 quam
1737 2615 1835 2648 miri-

351 2673 424 2717 fice
464 2670 666 2717 Vergilius.-
702 2668 963 2705 Corinthiorum
1002 2696 1010 2704 .
1044 2696 1052 2704 .
1086 2697 1094 2705 .
1132 2668 1244 2704 fratri.
1305 2668 1447 2705 Cimber
1481 2670 1543 2704 hic
1575 2667 1670 2714 fuit,
1711 2679 1734 2702 α
1765 2679 1836 2714 quo

349 2726 515 2772 fratrem
544 2728 718 2761 necatum
747 2726 818 2761 hoc
849 2724 1038 2760 Ciceronis
1075 2726 1171 2760 dicto
1201 2728 1366 2760 notatum
1396 2727 1471 2760 est.-
1509 2722 1716 2758 Germanum
1747 2722 1837 2758 Cim·

353 2781 414 2816 ber
445 2780 600 2817 occidit?
715 2781 735 2815 1
768 2779 1036 2815 Corinthearuin
1067 2780 1158 2817 ΗΖΕ
1188 2776 1394 2816 Orinthioril
1417 2779 1452 2816 R
1482 2777 1770 2814 Mormethiorum
1803 2778 1842 2815 X
