1884 3126
0 2570 8 2595 n-
8 2511 9 2515 „

803 134 936 162 CAPUT
967 135 1030 160 111.
1626 118 1679 160 51

150 249 296 297 felicia
326 261 419 288 rura
449 247 668 301 praedicari
699 259 798 300 quae
830 246 1001 286 advenae
1033 245 1148 284 militi
1179 244 1438 296 relinquenda
1459 251 1562 290 sunt,
1596 246 1680 297 qui-

156 317 307 369 busque
346 317 444 356 adeo
482 316 729 356 sterilitatem
765 316 994 367 inprecatur
1025 318 1151 366 poeta.
1214 325 1307 352 nam
1337 311 1422 352 vale
1454 312 1592 352 dicens
1625 314 1681 352 eis

156 397 189 423 v.
224 382 280 424 90
309 384 410 436 quod
440 385 549 434 felix
579 396 720 424 nomen
751 384 874 432 ayellz·
902 386 1024 428 vocat,
1058 380 1149 420 felix
1180 380 1256 419 hoc
1287 381 1418 432 ipsum
1451 380 1545 419 dicit
1577 381 1680 431 quod

155 465 269 492 suum
310 451 508 504 appellare
547 464 686 503 agrum
723 451 844 490 licuit.
908 462 987 489 non
1024 449 1143 500 igitur
1183 453 1276 488 sunt
1306 452 1374 487 aut
1405 453 1522 487 erunt
1552 448 1680 487 felicia

154 533 267 566 rura,
306 519 375 559 sed
414 520 573 559 fuerunt
611 519 702 558 olim
741 520 863 558 veteri
903 517 1082 565 domino,
1131 516 1248 567 idque
1279 517 1406 567 ipsum
1438 528 1518 554 non
1549 516 1681 556 minus

154 588 299 627 diserte
329 587 627 638 significandum
660 591 745 625 erat
775 598 890 638 quam
921 598 953 624 v.
984 583 1052 628 33,
1084 584 1154 623 ubi
1184 587 1326 624 veteris
1357 586 1512 624 domini
1534 584 1682 632 felicia

152 658 264 705 liqna
294 655 388 694 silva
420 654 583 694 fulmine
614 655 690 692 iam
724 652 992 692 comburenda
1023 651 1262 704 appellatur,
1309 653 1508 691 contraria
1538 657 1582 691 ut
1614 664 1678 691 eo—

154 723 244 762 dem
281 723 417 768 modo,
458 735 533 774 quo
570 734 603 760 V.
637 719 662 760 9
699 723 951 761 sterilescunt
983 722 1142 770 aaudiat
1187 719 1333 759 dictum
1375 725 1450 765 est,
1498 720 1601 759 inter
1640 732 1681 759 se

153 791 300 842 opponi
334 790 641 841 intellegeretur.
705 801 800 840 ergo
840 793 1025 840 corrupta
1064 800 1151 827 esse
1180 794 1276 840 puto
1308 787 1371 827 illa
1402 790 1508 827 senis
1538 790 1678 836 nostri,

151 859 347 910 genuinae
377 863 509 898 autem
546 858 765 909 scripturae
788 857 946 907 vestigia
979 855 1276 908 interpolatoris
1307 857 1543 901 temeritate,
1569 857 1679 895 cuius

152 925 224 966 alIa
254 927 296 965 in
326 925 400 966 hoc
441 924 574 978 idyllio
605 925 750 964 indicia
789 924 999 964 manifesta
1031 925 1195 963 minime
1227 924 1387 968 desunt,
1431 924 1484 963 ita
1515 924 1679 964 confusa

153 1006 254 1040 esse,
295 999 339 1034 ut
368 999 478 1034 certo
515 993 811 1034 resuscitandae
848 1005 940 1044 spes
978 1004 1073 1032 sane
1112 993 1252 1043 exigua
1283 993 1343 1031 sit.
1405 992 1474 1031 sed
1506 997 1680 1032 mentem

152 1067 291 1114 poetae
322 1062 529 1102 adsecutus
561 1063 636 1101 erit
666 1062 734 1113 qui
763 1063 846 1101 suis
876 1062 968 1100 olim
1000 1059 1060 1099 vel
1091 1062 1182 1100 olim
1212 1061 1324 1100 nobis
1355 1059 1613 1099 substituerit.

264 1129 396 1169 Altero
426 1129 513 1170 loco
546 1129 591 1181 (v.
626 1127 692 1180 93)
725 1128 793 1168 ubi
822 1128 990 1179 legimus

422 1211 559 1249 tardius
590 1222 608 1247 a
639 1212 792 1246 miserae
826 1209 1034 1247 descendite
1066 1214 1188 1246 monte
1220 1209 1397 1257 capellae:

421 1266 543 1303 mollia
574 1278 646 1304 non
676 1268 807 1303 iterum
838 1267 994 1314 carpetis
1024 1265 1155 1314 pabula
1187 1271 1283 1302 nota.

420 1328 533 1371 tuque
562 1324 706 1364 resiste,
734 1327 851 1370 pater

149 1403 225 1440 iam
257 1399 405 1439 Keilius
434 1400 588 1439 monuit
616 1400 759 1439 iniuria
797 1399 940 1438 inrisos
972 1411 1056 1438 esse
1087 1398 1135 1438 ab
1169 1398 1394 1439 Hermanno
1426 1402 1492 1452 qui
1515 1406 1679 1451 patrem

149 1467 432 1507 intellexerunt
461 1479 644 1519 caprum,
677 1472 719 1506 ut
747 1468 788 1505 in
822 1466 999 1506 eiusdem
1031 1467 1204 1506 auctoris
1237 1467 1369 1518 ecloga
1402 1467 1524 1508 altera
1556 1481 1588 1508 v.
1621 1467 1676 1508 28

151 1533 260 1588 (131)
297 1539 436 1575 taurus
474 1535 618 1574 dicitur
656 1538 791 1587 ‘pater
827 1536 960 1585 magni
997 1535 1165 1586 gregis’‚
1206 1539 1244 1574 et
1280 1547 1314 1573 V.
1348 1533 1400 1574 31
1444 1534 1552 1588 (134)
1592 1538 1678 1589 ipse

150 1616 268 1656 caper
307 1606 318 1626 ‘
330 1608 443 1655 pater
473 1603 730 1643 haedorum'.
793 1603 841 1642 de
872 1615 949 1654 quo
980 1615 1030 1641 ne
1061 1601 1309 1642 dubitaretur
1350 1604 1406 1643 eis
1438 1615 1537 1654 quae
1568 1609 1676 1645 ante-

150 1671 295 1711 cedunt
324 1672 417 1711 satis
448 1672 547 1711 cavit
577 1675 711 1723 poeta:
744 1672 864 1709 immo
895 1671 937 1709 in
969 1682 1144 1709 errorem
1166 1670 1252 1721 ipse
1279 1670 1450 1711 lectores
1472 1672 1677 1713 induxisse

150 1739 375 1791 arguendus
406 1743 529 1783 esset,
569 1738 770 1777 hominem
802 1739 834 1777 si
872 1737 1050 1789 intellegi
1096 1737 1293 1778 voluisset.
1356 1751 1400 1778 ac
1440 1752 1490 1778 ne
1535 1741 1678 1780 decere

149 1807 378 1860 quidemut
407 1819 543 1846 senem
573 1811 744 1859 patrem,
785 1805 988 1845 dominum
1018 1806 1144 1851 ruris,
1185 1807 1266 1845 sive
1297 1805 1397 1846 tilius
1430 1808 1510 1846 sive
1541 1820 1678 1848 servus

149 1876 295 1928 pariter
334 1879 452 1926 atque
490 1873 660 1926 capellas
700 1874 885 1913 resistere
914 1873 1091 1917 iuberet,
1134 1874 1167 1912 is
1197 1875 1365 1913 sensisse
1398 1874 1567 1920 videtur,
1610 1878 1678 1927 qui

141 1955 248 1993 puer
284 1943 460 1994 scripsit,
508 1941 614 1994 quod
653 1954 699 1980 ex
731 1941 920 1981 Thuaneo
959 1943 1130 1981 enotavit
1167 1941 1215 1980 Is.
1250 1943 1432 1988 Vossius,
1475 1956 1495 1982 a
1526 1943 1675 1984 Naekio

149 2012 311 2063 eiusque
341 2015 500 2049 auctore
530 2009 702 2048 Lasseno
732 2009 1213 2061 praetermissumwideo.
1267 2022 1506 2062 quamquam
1530 2013 1674 2052 rustica

149 2078 423 2131 appellationis
453 2082 579 2128 pater
618 2077 808 2117 festivitas
841 2082 878 2116 et
917 2077 1023 2117 hunc
1053 2077 1155 2128 fugit
1186 2082 1224 2116 et
1255 2079 1322 2127 qui
1352 2089 1478 2128 caper
1508 2081 1677 2119 coniecit

148 2147 366 2186 Heinsium.

261 2214 444 2255 Ceterum
477 2214 563 2252 eius
594 2214 689 2252 artis
712 2225 819 2265 „quae
850 2214 891 2252 in
914 2212 1054 2253 Catulli
1076 2212 1237 2263 Vergilii
1260 2212 1463 2253 Theocriti
1484 2214 1669 2254 aliorum-

149 2295 224 2335 que
260 2281 534 2322 bucolicorum
573 2282 786 2332 praecipue
824 2285 1030 2332 poetarum
1070 2279 1313 2320 carminibus
1352 2281 1575 2322 amoebaeis
1607 2296 1670 2322 co-

148 2351 370 2400 gnoscitur,
411 2353 456 2387 ut
493 2347 767 2399 aequabilibus
803 2348 907 2387 inter
944 2359 987 2386 se
1026 2347 1155 2387 verbis
1192 2347 1432 2398 imaginibus
1469 2353 1676 2390 sententiis

149 2417 322 2469 strophis
360 2416 531 2467 denique
561 2415 636 2455 sibi
673 2414 941 2467 respondeant
978 2420 1195 2460 certantes,
1234 2414 1352 2454 huius
1383 2415 1506 2468 idyllii
1537 2425 1675 2458 auctor

148 2485 417 2537 ignarissimus
447 2483 531 2529 fuit,
564 2484 596 2522 si
626 2483 852 2522 Hermanno
883 2483 1103 2529 credimus,
1137 2484 1204 2535 qui
1234 2495 1308 2522 nec
1338 2496 1474 2523 rerum
1506 2485 1673 2538 disposi-

148 2555 256 2593 tione
299 2564 374 2592 nec
420 2550 569 2591 ambitu
612 2551 783 2603 partium
829 2552 1133 2591 concinnitatem
1173 2550 1291 2603 ullam
1332 2557 1563 2603 persecutus
1603 2560 1671 2594 est.

148 2623 281 2672 itaque
317 2620 420 2659 hanc
459 2620 685 2679 opinionem
725 2619 865 2658 mei-ito
903 2618 1060 2670 reliquit
1091 2618 1158 2670 qui
1189 2619 1461 2658 recentissimo
1493 2625 1674 2673 tempore

149 2689 323 2728 dirarum
362 2691 509 2726 textum
551 2687 752 2738 temptavit
782 2685 1032 2725 Goebbelius.
1094 2685 1161 2725 sed
1185 2685 1258 2725 'hic
1291 2699 1378 2725 cum
1411 2686 1460 2726 de
1490 2690 1671 2729 universa

149 2756 336 2807 poematii
365 2753 498 2793 indole
529 2766 574 2793 ac
603 2754 729 2793 forma
761 2753 952 2805 quaedam
978 2757 1086 2793 recte
1107 2755 1276 2794 sensisse
1298 2754 1486 2801 videatur,
1519 2757 1672 2808 singula

133 2817 281 2863 'tamen
311 2821 499 2875 pleraque
530 2822 759 2872 corrupisse
789 2822 913 2872 magis
944 2833 1059 2872 quam
1092 2823 1312 2862 restituisse
1341 2822 1577 2864 iudicandus
1601 2830 1670 2864 est.

1315 2883 1402 2930 *4*
