1884 3126
318 195 396 236 102
1004 213 1123 240 onus.

426 318 646 370 complures
676 319 779 358 illam
811 325 848 359 et
879 323 1025 371 magni,
1056 322 1251 368 Messalla,
1282 329 1421 374 poetae

427 390 527 441 (nam
559 403 691 430 verum
721 393 928 431 fateamur:
962 399 1065 432 amat
1094 393 1343 445 Polyhymnia
1375 397 1519 455 verum)
1751 401 1774 437 5

424 462 539 513 longe
568 462 641 502 alia
670 463 880 514 perhibent
909 469 1092 504 mutatam
1123 465 1296 505 membra
1327 468 1448 517 figura

412 534 641 586 ‘Scyllaeum
670 540 844 574 monstro
874 549 1007 575 saxum
1036 537 1221 576 infestare
1252 540 1400 583 voraci;

425 606 528 646 illam
560 618 642 646 esse
673 609 868 646 aerumnis
897 620 1011 659 quam
1041 621 1156 660 saepe
1185 609 1356 659 legamus
1387 612 1486 650 Ulixi

428 678 590 718 eandida
620 680 857 718 succinctam
888 679 1115 720 latrantibus
1146 683 1302 732 inguina
1334 685 1516 722 monstris
1810 733 1816 736 ,

429 750 623 790 Dulichias
654 764 810 790 vexasse
839 757 944 791 rates
975 758 1012 791 et
1041 755 1191 803 gurgite
1222 755 1261 792 in
1292 754 1368 793 alto
1753 760 1805 796 60

1779 401 1802 436 0'1

429 823 639 874 deprensos
670 828 806 861 nautas
836 823 995 863 canibus
1025 824 1216 864 lacerasse
1246 828 1420 865 marinis.

429 894 495 934 sed
527 906 652 943 neque
682 895 878 934 Maeoniae
907 897 1107 947 patiuntur
1137 897 1298 936 credere
1329 898 1485 938 chartae

429 979 501 1004 nec
530 966 652 1005 malus
681 968 843 1005 istorum
873 967 999 1006 dubiis
1030 969 1228 1007 erroribus
1258 974 1403 1009 auctor.

428 1050 592 1087 namque
622 1038 714 1076 alias
744 1038 808 1077 alii
839 1039 948 1089 volgo
978 1040 1124 1078 finxere
1154 1040 1316 1091 puellas,

427 1122 530 1160 quae-
555 1109 840 1161 Colophoniaco
871 1110 1019 1162 Scyllae
1050 1111 1227 1151 dicantur
1258 1113 1440 1153 Homero.
1753 1120 1803 1156 65

427 1183 509 1233 ipse
541 1183 722 1221 Crataein
753 1183 804 1220 ait
833 1188 1018 1227 matrem3
1050 1184 1116 1222 sed
1147 1185 1225 1222 sive
1256 1183 1424 1224 Crataeis

429 1255 508 1292 sive
538 1253 642 1292 illam
673 1259 891 1294 monstrum
920 1257 1054 1305 genuit
1083 1267 1197 1306 grave
1227 1257 1396 1296 Echidna
1428 1258 1617 1304 biformis,

427 1327 505 1364 sive
536 1331 595 1364 est
624 1331 760 1365 neutra
789 1339 930 1378 parens
959 1331 1075 1376 atque
1106 1328 1179 1366 hoc
1208 1329 1246 1366 in
1278 1330 1448 1377 carmine
1478 1335 1558 1369 toto

427 1398 597 1448 inguinis
629 1403 688 1436 est
716 1399 849 1437 vitium
880 1403 918 1437 et
949 1399 1106 1438 Veneris
1137 1399 1328 1451 descripta
1359 1400 1498 1446 libido;

428 1470 507 1508 sive
537 1470 650 1508 etiam
680 1471 790 1509 iactis
820 1471 989 1521 speciem
1021 1476 1164 1510 mutata
1193 1473 1351 1511 venenis
1755 1478 1807 1513 70

319 1619 353 1653 R
384 1617 531 1652 excisam
563 1617 594 1651 Α
680 1616 800 1652 urbem
830 1617 884 1654 Αε
970 1618 1026 1653 An
1056 1628 1120 1664 pro
1150 1618 1264 1664 patrio
1294 1629 1323 1653 s.
1354 1619 1467 1654 excisa
1497 1624 1531 1654 et
1561 1619 1584 1655 s.
1618 1619 1725 1655 urbe?

320 1671 371 1708 54
402 1671 487 1707 Cum
517 1671 636 1719 plures
667 1672 796 1709 HLRe
871 1672 930 1707 illa
959 1674 1035 1709 HR
1115 1677 1150 1708 et
1180 1685 1248 1709 om.
1282 1674 1383 1709 HRoc
1487 1673 1557 1710 55:
1587 1675 1639 1722 cf.
1673 1674 1811 1712 Catulle·

321 1727 404 1762 LXll
437 1727 486 1763 16
572 1724 662 1762 amat
692 1728 720 1762 L
749 1732 864 1762 amant
894 1737 913 1764 ε
988 1727 1215 1775 Polyhymnia
1247 1730 1352 1776 υιιίῃο
1381 1729 1573 1775 polliimnia
1602 1731 1644 1766 H
1670 1728 1811 1778 poly1n2

321 1783 374 1818 nia
404 1783 433 1817 L
462 1782 639 1829 polymnia
670 1778 740 1818 (ξανι
772 1782 938 1829 polimnia
968 1783 1002 1819 R
1116 1782 1166 1818 56
1197 1783 1295 1818 aliani
1326 1784 1401 1819 HR
1481 1785 1670 1831 prohibent
1691 1787 1725 1821 R

322 1843 453 1872 mutata
480 1835 497 1872 ἶ
529 1838 562 1873 R
649 1836 795 1883 figuram
827 1839 902 1874 HR
1029 1837 1080 1873 57
1112 1837 1275 1873 Scilleum
1306 1839 1348 1874 H
1381 1839 1557 1885 Scylleum
1587 1841 1616 1875 L
1653 1840 1808 1887 Sylleum

321 1893 356 1928 R
441 1897 600 1928 monstro
638 1903 758 1927 saxum
796 1893 989 1939 Hauptius
1026 1898 1182 1928 monstra
1211 1904 1332 1928 saxum
1363 1894 1404 1928 H
1437 1900 1593 1930 monstra
1623 1896 1658 1930 in
1687 1906 1808 1930 saxum

322 1948 432 1985 ALeoe
462 1959 546 1983 saxo
579 1952 735 1983 monstra
767 1949 799 1984 R
884 1948 1050 1983 infestare
1089 1949 1281 1994 Hcmpte'us
1317 1949 1480 1998 insectata
1512 1951 1551 1985 H
1579 1950 1745 1986 insectata
1773 1952 1808 1986 R

322 2041 487 2073 contenta
517 2037 547 2072 L
576 2047 746 2072 conuersa
777 2035 857 2073 Αεα
942 2037 1056 2072 voraci
1087 2033 1281 2082 Haufflius
1312 2020 1389 2073 [ιὸἳί
1418 2038 1460 2074 Η
1493 2039 1610 2073 uocari
1639 2039 1716 2075 Lea
1747 2049 1810 2074 uo·

323 2093 396 2128 caui
428 2093 463 2128 R
577 2091 628 2128 58
659 2102 736 2126 esse
766 2088 836 2128 εοε1
866 2102 997 2131 messe,
1029 2102 1227 2137 suprascr.
1250 2105 1295 2127 m.
1319 2104 1397 2129 rec.
1431 2103 1587 2128 messana
1608 2094 1650 2129 Η
1677 2104 1809 2129 messea

324 2149 357 2184 R
388 2159 426 2182 se
455 2148 485 2182 L
569 2144 711 2194 erfipnis
741 2147 797 2187 H,
829 2158 896 2183 om.
930 2147 964 2182 R
1078 2146 1236 2183 59-61
1278 2148 1328 2194 cf.
1363 2150 1432 2184 ecl.
1466 2148 1505 2182 VI
1537 2147 1696 2184 75—77

324 2203 374 2239 59
406 2199 565 2238 succinta
593 2203 627 2238 R
733 2202 785 2239 60
816 2201 996 2248 Dulychias
1027 2202 1061 2238 R
1137 2213 1264 2237 uexase
1295 2204 1329 2239 R
1437 2203 1486 2238 61
1519 2203 1663 2238 latrasse
1692 2205 1727 2239 R

325 2258 375 2295 62
407 2259 543 2307 meonig
579 2258 614 2294 R
651 2257 785 2306 Meonig»
822 2258 888 2306 lige
923 2258 974 2294 Le
1066 2262 1160 2292 carte
1197 2258 1239 2293 H
1349 2257 1399 2294 64
1429 2258 1544 2305 Nanq:
1575 2259 1604 2293 L
1699 2258 1807 2305 uulgo

325 2347 418 2383 LRoc
450 2322 553 2394 fulgo
584 2345 699 2392 (corr.
722 2358 767 2381 m.
791 2345 885 2391 rec.)
916 2345 959 2380 H
1032 2345 1164 2393 lingere
1186 2346 1228 2381 H
1310 2346 1360 2382 65
1392 2345 1466 2389 Que
1549 2345 1695 2382 boniaco
1717 2355 1737 2383 ε

326 2401 424 2437 seille
446 2402 488 2437 Η
513 2401 601 2450 sylla
623 2402 657 2437 R
744 2401 909 2436 dicuntur
930 2401 1024 2436 ARoc
1081 2438 1086 2447 „
1139 2401 1189 2437 66
1219 2400 1379 2437 Crataein
1410 2402 1456 2436 ait
1477 2401 1649 2448 Heynius
1678 2401 1810 2436 cratein

326 2458 355 2492 L
385 2457 534 2504 gratinei
562 2457 637 2492 HR
667 2461 795 2491 cratem
826 2455 869 2496 A,
901 2468 969 2491 om.
993 2465 1012 2493 ε
1042 2454 1197 2492 Crataein
1230 2456 1260 2491 ei
1289 2457 1454 2504 Silliyius
1527 2457 1600 2491 sive
1629 2455 1680 2491 illi-
1697 2455 1812 2491 Lamie

327 2517 437 2547 mater
473 2516 527 2547 est
562 2513 635 2547 sive
665 2510 795 2546 Crateis
826 2512 1008 2547 Nicotaus
1037 2511 1191 2547 Loensis
1226 2512 1293 2558 ipsi
1328 2522 1392 2547 seu
1420 2511 1537 2546 Lamio
1575 2515 1685 2546 mater
1713 2512 1759 2546 sit
1787 2523 1812 2545 α

410 2567 485 2602 sine
505 2567 548 2602 H
620 2566 771 2602 Crataeis
793 2579 819 2601 oc
839 2567 1001 2601 erichteis
1022 2567 1054 2600 A
1075 2566 1200 2601 erithei
1221 2567 1326 2603 HLR
1349 2567 1516 2613 erichthei
1538 2575 1557 2603 ε
1643 2566 1692 2602 67
1715 2576 1812 2600 mon-

328 2628 438 2658 strum
470 2623 663 2667 Hauptius
699 2620 778 2668 (qui
812 2622 935 2669 genuit
971 2626 1168 2657 monstrum
1206 2625 1332 2658 nescio
1369 2634 1444 2668 qua
1481 2631 1599 2657 causa
1637 2624 1809 2666 transpo-

329 2676 462 2723 suerit)
490 2683 650 2713 monstro
672 2678 827 2714 HLRea
912 2687 1016 2723 grave
1038 2676 1188 2712 Echidna
1209 2678 1401 2723 Hauptius
1430 2686 1582 2724 grauena
1603 2676 1677 2711 HR
1709 2686 1811 2722 gran-

329 2732 417 2769 deua
436 2733 487 2770 Le
507 2731 634 2768 Persea
653 2745 678 2767 α
707 2743 872 2780 germana
893 2732 1056 2779 Silliyius
1112 2731 1268 2768 biformis
1289 2733 1480 2778 Hauplius
1498 2730 1636 2766 biformi
1657 2731 1813 2767 HLReoc

414 2787 464 2824 69
495 2784 567 2836 est]
598 2787 632 2823 id
663 2788 749 2825 ΑΖΕ
833 2791 869 2824 et
898 2798 966 2823 om.
992 2787 1082 2824 ALe
1203 2787 1255 2825 70
1283 2788 1411 2824 exactis
1440 2787 1524 2823 ΑΖΕ
1609 2787 1755 2833 spetiem
1783 2786 1813 2821 L

412 2848 569 2879 mutuata
598 2852 619 2881 ε
