1884 3126
769 189 892 216 cuns.
1516 173 1594 214 107

188 303 279 342 dum
311 304 435 343 sacris
465 306 627 355 operata
657 300 755 342 deae
784 300 935 341 lascivit
965 305 1003 339 et
1034 304 1141 339 extra

189 377 367 430 procedit
397 377 515 428 longe
546 381 716 415 matrum
747 375 1014 426 comitumque
1044 371 1252 418 catervam,

188 463 418 503 suspensam
448 449 625 501 gaudens
654 451 694 488 in
726 460 894 501 corpore
924 447 1062 486 ludere
1094 450 1240 486 vestem

191 530 228 563 et
258 524 427 564 tumidos
458 524 628 575 agitante
659 523 765 562 sinus
795 520 979 573 aquilone
1010 520 1204 560 relaxans.
1517 521 1596 557 145

189 598 357 637 necdum
390 599 506 637 etiam
536 601 665 636 castos
696 600 922 648 gustaverat
950 595 1051 646 ignis
1082 594 1265 642 honores,

191 671 357 711 necdum
390 671 570 711 sollemni
600 670 758 723 lympha
790 669 950 720 perfusa
981 668 1165 708 sacerdos

191 744 370 796 pallentis
401 744 504 784 foliis
535 748 651 796 caput
682 747 891 782 exornarat
921 742 1064 781 olivae:

190 831 277 858 cum
309 818 415 870 lapsa
448 832 468 856 e
500 817 679 857 manibus
708 817 808 868 sugit
837 816 936 868 pila;
970 827 1139 867 cumque
1170 813 1300 866 elapsa
1333 820 1405 862 est,

190 893 391 944 procurrit
420 893 542 942 virgo.
604 890 707 943 quod
737 891 793 929 uti
825 903 874 929 ne
904 889 1060 941 prodita
1093 888 1185 928 ludo
1518 890 1598 927 150

190 970 361 1005 auratam
393 964 531 1016 gracili
560 964 737 1003 solvisset
766 976 933 1015 corpore
963 961 1127 1014 pallam!

189 1040 336 1084 omnia,
369 1051 467 1090 quae
498 1039 672 1077 retinere
703 1037 870 1088 gradum
903 1047 1120 1086 cursusque
1153 1036 1299 1074 morari

193 1116 368 1164 possent,
402 1124 424 1150 ο
454 1116 583 1151 tecum
614 1110 755 1150 vellem
786 1116 829 1150 tu
860 1122 1018 1162 semper
1048 1108 1235 1148 haberes:

195 1198 272 1224 non
303 1196 485 1235 umquam
519 1184 658 1224 violata
688 1196 809 1228 manu
840 1184 1010 1223 sacraria
1041 1182 1150 1222 divae

193 1258 378 1303 iurando,
409 1257 565 1303 infelix,
599 1259 836 1309 nequiquam
867 1259 952 1296 iura
984 1258 1144 1308 piasseS.
1519 1258 1597 1295 155

192 1336 231 1370 at
259 1332 292 1370 si
322 1332 408 1382 quis
438 1332 618 1370 nocuisse
650 1330 720 1370 tihi
750 1331 923 1382 periuria
954 1329 1102 1375 credat,

192 1416 305 1443 causa
338 1405 399 1456 pia
432 1410 509 1444 est:
542 1405 670 1444 timuit
699 1404 812 1443 fratri
842 1416 884 1443 sc
916 1403 1147 1449 ostendere,
1178 1403 1289 1446 luno.

606 1478 630 1501 a:
746 1476 770 1501 κε
885 1476 908 1501 ae
1024 1477 1047 1519 ’3‘
1162 1477 1184 1501 >se

192 1557 231 1591 at
261 1550 354 1591 levis
383 1550 448 1590 ille
479 1550 597 1596 deus,
631 1551 696 1591 cui
726 1562 884 1602 semper
915 1549 961 1589 ad
993 1550 1262 1590 ulciscendum

193 1625 394 1674 quaeritur
424 1637 471 1663 ex
503 1625 610 1663 omni
640 1629 798 1664 ventosa
828 1624 970 1663 iniuria
1001 1623 1117 1669 dicto,

193 1710 313 1737 aurea
344 1697 509 1748 fulgenti
539 1697 778 1749 depromens
810 1697 887 1736 tela
916 1696 1098 1749 pharetra
1521 1701 1601 1738 160

194 1771 270 1810 heu
301 1771 464 1810 nimium
496 1775 604 1809 certo
634 1771 796 1810 nimium
828 1771 1017 1810 torrentia
1048 1770 1137 1810 nisu
1615 1765 1619 1768 ’

82 1876 185 1912 liceat
215 1876 318 1912 HRu
347 1874 491 1916 Lictam‚
523 1886 725 1922 suprascr.
749 1887 796 1911 m.
822 1875 842 1911 1
876 1875 1036 1911 relictam
1067 1875 1097 1911 L
1126 1874 1243 1911 lictam
1270 1886 1289 1913 ε
1321 1875 1457 1912 licitum
1480 1877 1598 1913 Hein-

83 1934 163 1968 sitcs
279 1931 357 1967 142
389 1928 494 1981 deae]
536 1932 602 1967 hec
639 1931 706 1967 dee
744 1941 763 1969 ε
882 1930 960 1968 143
991 1931 1147 1968 Procidit
1184 1933 1219 1968 R
1316 1936 1435 1969 macru
1474 1934 1508 1969 R

82 1993 257 2024 catervam
288 1988 445 2024 Iuntina
475 1992 619 2024 caterua
640 1986 820 2025 HLRea¹
941 1987 1018 2025 145
1052 1989 1187 2036 agitare
1208 1989 1244 2025 R
1362 1987 1440 2026 146
1473 1986 1597 2038 etiam]

84 2049 119 2080 et
140 2045 183 2080 H
266 2050 389 2080 custos
410 2045 452 2080 H
479 2049 616 2080 castros
638 2045 672 2080 R
760 2045 958 2092 agitauerat
981 2044 1032 2082 Le
1122 2045 1269 2080 honoris
1292 2046 1333 2081 H
1441 2045 1518 2082 147
1541 2057 1600 2081 so-

84 2100 190 2136 lemni
221 2101 298 2137 HR
428 2099 508 2137 148
539 2105 688 2136 exornat
728 2100 761 2135 R
801 2106 993 2136 exornatus
1024 2101 1054 2136 L
1192 2100 1271 2138 149
1303 2101 1401 2149 lapse
1440 2101 1600 2137 manibus

1296 2160 1326 2177 SS

87 2190 220 2227 ΑΗΒ.
282 2190 363 2238 pyla
393 2191 428 2227 R
515 2190 633 2238 elapsa
669 2196 724 2227 est
761 2193 912 2237 scripsi.
944 2190 1083 2238 relapse
1114 2187 1190 2227 HR
1228 2191 1347 2227 relaxe
1382 2190 1598 2238 (suprascr.

86 2259 132 2283 m.
165 2246 310 2293 cadem)
348 2247 379 2282 L
415 2246 532 2283 relaxe
567 2249 598 2282 A
636 2247 794 2294 relapsae
831 2259 856 2282 α
894 2247 1030 2294 relapsa
1070 2256 1090 2284 ε
1134 2247 1273 2295 relapsa
1311 2253 1367 2283 est
1404 2248 1598 2284 Heinsius.

200 2302 281 2340 150
319 2314 391 2350 quo
431 2303 484 2340 Le
615 2302 692 2338 151
735 2307 891 2338 auratam
930 2303 1133 2346 Iacobsius
1174 2306 1288 2339 Aurea
1336 2305 1403 2339 iam
1443 2305 1602 2342 HLRea

87 2369 192 2394 aurea
222 2363 291 2394 tam
323 2359 506 2395 Heinsius
590 2358 759 2394 solvisses
789 2359 975 2395 Grecm‘us
1060 2370 1211 2407 corpora
1240 2373 1266 2395 α
1351 2360 1444 2408 palla
1465 2362 1517 2399 Le

92 2446 170 2483 152
202 2446 426 2494 Omniaq.H
547 2446 626 2484 153
665 2421 781 2484 uelim
819 2449 854 2485 R
955 2454 995 2485 ιιι
1035 2450 1202 2498 Silliyius
1240 2455 1300 2486 tua
1330 2452 1489 2489 HLRea

93 2501 172 2539 154
203 2514 359 2550 unquam
390 2504 424 2540 R
518 2515 641 2539 manus
673 2506 749 2541 HR
873 2504 951 2542 155
983 2506 1120 2542 urendo
1153 2507 1321 2555 Silliyius
1351 2508 1494 2544 infanda
1523 2509 1601 2545 Ko-

90 2560 198 2595 chius
283 2560 516 2606 nequicquam
538 2561 695 2598 HLRea
782 2566 861 2597 tura
890 2561 1056 2610 Silliyius
1085 2573 1163 2598 sera
1190 2562 1364 2600 Koclzius
1466 2564 1544 2602 156
1567 2570 1602 2600 at

90 2618 242 2661 scripsi.
267 2614 316 2651 Et
346 2616 503 2654 HLRea
589 2618 770 2653 nocuisset
799 2618 835 2654 R
931 2618 1009 2655 157
1041 2630 1080 2655 se
1111 2621 1262 2666 scripsi.
1293 2625 1329 2656 te
1359 2621 1518 2659 HLReoe

90 2672 171 2707 vino
207 2665 242 2708 R
333 2677 423 2718 post
458 2673 562 2709 huuc
600 2686 632 2709 υ.
671 2675 858 2721 quaedum
901 2676 1090 2712 eaecidisse
1134 2678 1323 2722 suspicor.
1449 2678 1527 2715 158
1558 2678 1601 2714 ad

92 2727 333 2763 ulciscendum
354 2723 400 2763 a¹
435 2728 709 2765 adolescendum
731 2731 806 2766 HR
837 2730 1106 2767 adolescentum
1126 2732 1212 2770 ΑΖΕ
1329 2732 1407 2770 159
1430 2733 1601 2778 Queritur

91 2783 127 2819 R
206 2789 353 2820 uentosa
383 2787 536 2832 scripsi.
570 2785 762 2822 uerborum
784 2786 942 2824 HLRea
972 2787 1078 2824 verbo
1100 2794 1208 2836 atque
1228 2778 1428 2836 Haupstus
1503 2791 1601 2828 dictu

93 2872 135 2908 H
162 2871 255 2910 facto
275 2874 470 2922 Hauptius
586 2875 663 2913 161
696 2881 796 2913 certo
827 2879 885 2914 vir
913 2879 1047 2915 doctus
1076 2880 1183 2926 apud
1200 2879 1474 2917 Schradcrum.
1509 2862 1599 2918 teris!
