1884 3126
304 139 383 180 120
982 159 1101 186 enus.

412 275 490 301 non
521 263 646 303 minus
676 264 740 304 illa
772 271 917 311 tannen,
951 268 1079 306 revelli
1111 269 1212 319 quod
1244 271 1394 308 moenia
1425 272 1560 311 Cressa

413 335 592 384 gaudeat:
625 341 662 374 et
692 338 813 376 cineri
843 339 964 389 patria
996 344 1052 377 est
1081 340 1247 380 iucunda
1277 342 1438 393 sepulto.
1707 350 1784 386 385

468 408 568 458 Ergo
599 409 738 447 iterum
769 411 883 460 capiti
914 410 1038 461 Scylla
1070 416 1128 450 cst
1156 412 1310 452 inimica
1340 420 1520 464 paterno:

414 484 491 517 tum
523 491 631 519 conia
661 480 820 519 Sidonio
851 482 992 520 ssorens
1022 482 1213 522 deciditur
1243 490 1359 530 ostro,

412 555 490 588 tum
522 552 672 602 capitur
701 552 852 603 Megara
885 558 923 591 et
952 554 1077 593 divom
1109 568 1294 606 responsa
1324 557 1550 608 probantur,

414 627 490 660 tun]
523 635 708 674 suspensa
740 637 838 663 novo
869 626 942 664 ritu
975 625 1021 664 dc
1052 626 1212 666 navibus
1242 628 1327 667 altis

411 706 481 744 per
510 707 616 750 mare
647 695 868 735 caeruleum
904 697 1068 736 trahitur
1098 699 1222 738 Niseia
1255 701 1371 750 virgo.
1503 695 1505 697 ¹
1709 707 1789 743 390

411 766 630 817 complures
659 767 762 806 illam
792 769 984 820 nymphae
1014 771 1204 810 mirantur
1234 772 1272 810 in
1304 773 1428 818 undis,

412 840 574 877 miratur
602 844 711 890 pater
742 839 918 878 Oceanus
949 846 986 879 et
1016 841 1176 880 candida
1207 843 1349 894 Tethys

413 915 450 948 et
479 910 639 961 cupidas
669 923 800 950 secum
831 913 986 963 rapiens
1013 913 1167 952 Galatea
1200 927 1372 960 sorores;

411 981 512 1020 illam
545 983 659 1020 etiam
690 984 831 1022 iunctis
861 995 1040 1034 magnum
1073 997 1170 1035 quae
1200 987 1368 1038 piscibus
1398 1001 1542 1039 aequor

413 1059 451 1092 et
480 1053 614 1104 glauco
645 1054 826 1105 bipedum
859 1068 975 1095 curru
1007 1058 1161 1096 metitur
1192 1071 1377 1110 equorum
1710 1065 1788 1101 395

412 1125 627 1165 Leucothea
661 1138 875 1177 parvusque
906 1127 977 1166 dea
1007 1141 1092 1167 cuin
1125 1136 1246 1169 matre
1277 1131 1503 1176 l'alaeinoiu

412 1197 515 1237 illam
547 1199 660 1237 ctiam
690 1198 858 1237 alternas
888 1201 1012 1239 sortiti
1044 1202 1167 1240 vivere
1197 1201 1314 1247 luces,

412 1282 498 1308 cara
531 1270 629 1308 lovis
659 1270 833 1315 suboles,
867 1283 1045 1322 magnum
1078 1273 1175 1312 lovis
1204 1275 1498 1322 incrementum,

412 1341 653 1392 Tyndaridae
683 1343 815 1381 niveos
845 1344 1033 1383 mirantur
1063 1346 1222 1395 virginis
1251 1351 1374 1385 artus.

412 1414 482 1451 has
512 1413 606 1452 adeo
636 1426 748 1452 voces
778 1419 894 1466 atque
922 1415 1017 1454 haec
1048 1416 1213 1456 lamenta
1243 1430 1314 1469 per
1343 1431 1456 1458 auras
1709 1423 1789 1461 400

412 1485 590 1524 ssuctibus
618 1486 657 1524 in
689 1486 825 1525 mediis
855 1493 992 1536 questu
1021 1487 1196 1527 volvebat
1223 1490 1340 1535 inani,

414 1557 458 1595 ad
491 1557 639 1596 caelum
669 1558 801 1597 infelix
831 1559 1004 1598 ardentia
1038 1559 1181 1600 lumina
1212 1561 1386 1607 tendens,

413 1629 579 1674 lumina,
611 1641 698 1667 nam
728 1635 884 1669 teneras
914 1630 1098 1670 arcebant
1125 1633 1275 1671 vincula
1306 1633 1469 1684 palmas:

412 1701 664 1751 ‘supprimite
694 1714 716 1738 0
746 1702 901 1752 paulum
931 1702 1075 1741 turbati
1106 1703 1257 1742 flamina
1290 1707 1403 1749 venti,

413 1772 504 1811 dum
535 1784 678 1822 queror
709 1778 747 1811 et
777 1772 883 1812 divos
915 1774 1157 1825 (quamquam
1188 1775 1241 1814 nil
1272 1776 1436 1817 testibus
1466 1777 1541 1816 illis
1708 1781 1788 1819 405

387 1906 466 1943 384
496 1888 639 1956 red-'helii
670 1906 785 1952 (corr.
817 1921 862 1944 m.
895 1908 989 1954 rec.)
1019 1910 1061 1945 H
1087 1911 1181 1945 rauci
1211 1911 1283 1956 Ra,
1314 1913 1456 1948 lacuna
1487 1915 1525 1948 in
1553 1914 1583 1948 L
1667 1913 1790 1949 Cressa

305 1963 545 1998 Schrader-us
573 1967 706 1998 crescat
735 1964 827 2001 HLe
857 1970 1014 1999 crescant
1043 1977 1067 1999 α
1098 1963 1230 2001 cresc'a‘t
1259 1967 1294 2002 R
1408 1967 1486 2004 385
1511 1968 1686 2015 gaudebat
1716 1968 1790 2005 Boss

305 2019 403 2053 thius
506 2018 617 2064 patrie
646 2018 698 2055 Le
801 2024 903 2066 estq3
932 2029 952 2056 ε
1065 2020 1212 2056 iocunda
1242 2022 1317 2057 HR
1429 2022 1619 2069 sepulchro
1649 2025 1700 2060 Le

305 2073 382 2109 386
413 2073 541 2108 iterum
578 2073 758 2110 Heinsius
794 2079 889 2110 metu
919 2075 1074 2112 HLReoc
1232 2077 1335 2123 capiti
1364 2089 1389 2111 α
1426 2078 1550 2126 capitis
1579 2078 1707 2116 HLRe

303 2128 391 2174 sylla
421 2129 455 2163 R
553 2129 691 2174 paterni
720 2130 750 2164 L
890 2129 1106 2166 387—389
1138 2131 1190 2177 cf.
1224 2131 1360 2167 Catulla·
1386 2131 1488 2166 LXIV
1518 2132 1676 2168 19--21

304 2183 382 2219 387
415 2182 512 2218 Tunc
542 2183 576 2218 R
612 2206 616 2210 -
661 2183 796 2219 sidonia
826 2184 869 2219 H
884 2196 930 2219 m.
955 2185 975 2219 1
1008 2184 1153 2231 sydonia
1174 2187 1207 2222 R
1293 2186 1467 2222 deciditur
1496 2187 1661 2234 Silliqz'us
1689 2188 1789 2224 decc-

304 2238 399 2273 ditur
428 2239 503 2274 HR
540 2237 732 2274 succiditur
761 2239 838 2276 Lea
980 2239 1058 2276 388
1089 2240 1187 2276 Tunc
1217 2242 1273 2278 Re
1385 2252 1527 2288 megera
1556 2243 1597 2277 H
1706 2240 1795 2278 diuff

304 2294 410 2329 HLR
495 2290 633 2339 profid'
664 2294 706 2329 H
821 2294 900 2331 389
931 2292 1005 2330 Tfic
1033 2295 1111 2332 Lea
1141 2295 1238 2332 Tunc
1267 2297 1301 2332 R
1399 2296 1511 2336 maibq
1540 2296 1590 2343 (Ιι.
1622 2307 1653 2333 e.
1685 2299 1792 2333 mani-

304 2346 395 2394 bus),
425 2358 624 2393 suprascr.
657 2361 703 2384 m.
735 2354 812 2385 rec.
844 2349 990 2385 nauibus
1021 2351 1085 2385 Hoc
1205 2350 1284 2387 392
1315 2351 1455 2386 Airatur
1483 2352 1525 2387 Η
1620 2363 1790 2388 occeanus

304 2404 345 2438 H
456 2403 561 2438 thetis
592 2401 616 2448 (i
646 2415 691 2438 m.
723 2408 800 2439 ant.
833 2416 933 2440 corr.
963 2407 1000 2440 in
1028 2403 1063 2452 y)
1099 2405 1151 2443 Re
1190 2406 1321 2441 theseis
1351 2407 1394 2442 H
1518 2406 1597 2443 393
1629 2407 1791 2457 Galathea

303 2459 334 2493 L
362 2457 522 2505 galathea
550 2457 586 2493 R
727 2458 806 2495 394
836 2459 892 2494 illa
922 2460 977 2494 La
1117 2466 1152 2496 et
1182 2461 1217 2496 R
1357 2458 1464 2509 quae]
1497 2472 1615 2509 qu0q3
1645 2463 1680 2499 R

305 2512 384 2548 395
416 2513 575 2548 mettitur
603 2513 645 2548 H
772 2513 852 2550 396
882 2513 1080 2550 Leucothea
1113 2515 1172 2550 Ra
1209 2514 1385 2551 Leucotoa
1422 2517 1464 2552 H
1497 2515 1724 2553 Leuchothoe
1761 2518 1791 2552 L

305 2567 508 2603 Leucothoe
538 2577 557 2604 ε
654 2566 804 2617 palem&-
822 2569 856 2604 R
988 2569 1067 2605 397
1097 2570 1189 2605 illam
1228 2571 1409 2606 Heinsius
1444 2571 1496 2606 Illi
1526 2572 1680 2609 HLRea

306 2622 456 2657 alternas
485 2635 510 2657 α
547 2628 685 2658 eternas
709 2622 769 2661 He
805 2629 942 2673 §ternas
973 2625 1003 2659 L
1032 2629 1173 2673 §ternos
1204 2626 1238 2661 R
1351 2625 1446 2661 luces
1476 2626 1555 2662 Lea
1583 2626 1682 2662 lucos
1714 2626 1789 2663 HR

390 2676 469 2714 398
508 2676 560 2723 cf.
600 2680 669 2714 ecl.
708 2678 751 2713 IV
787 2678 839 2715 49
960 2678 1101 2715 soboles
1138 2681 1271 2716 HLRoc
1411 2677 1607 2717 incremeti‘f
1642 2681 1676 2716 R

307 2731 385 2768 399
416 2732 591 2768 'sintaride
621 2733 663 2768 H
689 2733 903 2781 Tyndarides
934 2733 968 2769 R
1091 2734 1170 2772 402
1202 2735 1253 2782 cf.
1275 2735 1368 2771 Aen.
1387 2734 1416 2769 ΙΙ
1435 2734 1515 2772 405
1608 2736 1736 2772 tollens
1755 2738 1786 2794 L

390 2786 470 2825 403
500 2801 553 2818 =
573 2788 665 2824 Aen.
688 2788 715 2823 11
735 2787 814 2826 406
926 2788 1007 2826 404
1029 2789 1166 2826 turbata
1193 2791 1235 2827 H
1240 2788 1242 2790 ’
1261 2790 1397 2826 turbata
1425 2801 1445 2826 o
1466 2791 1517 2828 Le
1629 2791 1786 2840 405,sq.
