<?xml version="1.0" encoding="UTF-8"?>
<!DOCTYPE html PUBLIC "-//W3C//DTD XHTML 1.0 Transitional//EN"
    "http://www.w3.org/TR/xhtml1/DTD/xhtml1-transitional.dtd">
<html xmlns="http://www.w3.org/1999/xhtml" xml:lang="en" lang="en">
 <head>
  <title>
</title>
<meta http-equiv="Content-Type" content="text/html;charset=utf-8" />
  <meta name='ocr-system' content='tesseract 3.04.00' />
  <meta name='ocr-capabilities' content='ocr_page ocr_carea ocr_par ocr_line ocrx_word'/>
</head>
<body>
  <div class='ocr_page' id='page_1' title='image "./operavirg04virguoft_0019.png"; bbox 0 0 1884 3126; ppageno 0'>
   <div class='ocr_carea' id='block_1_1' title="bbox 703 108 1591 140">
    <p class='ocr_par' dir='ltr' id='par_1_1' title="bbox 703 108 1591 140">
     <span class='ocr_line' id='line_1_1' title="bbox 703 108 1591 140; baseline 0 0"><span class='ocrx_word' id='word_1_1' title='bbox 703 108 983 140; x_wconf 80' lang='lat' dir='ltr'><strong>PRAEFATIO.</strong></span> <span class='ocrx_word' id='word_1_2' title='bbox 1527 110 1591 140; x_wconf 88' lang='lat' dir='ltr'><strong>XV</strong></span> 
     </span>
    </p>
   </div>
   <div class='ocr_carea' id='block_1_2' title="bbox 63 218 1594 1363">
    <p class='ocr_par' dir='ltr' id='par_1_2' title="bbox 63 218 1594 1363">
     <span class='ocr_line' id='line_1_2' title="bbox 70 218 1591 282; baseline -0.005 -15"><span class='ocrx_word' id='word_1_3' title='bbox 70 239 153 282; x_wconf 91' lang='lat' dir='ltr'><strong>que</strong></span> <span class='ocrx_word' id='word_1_4' title='bbox 184 224 383 267; x_wconf 70' lang='lat' dir='ltr'><strong>omnium‘</strong></span> <span class='ocrx_word' id='word_1_5' title='bbox 412 223 541 278; x_wconf 89' lang='lat' dir='ltr'><strong>longe</strong></span> <span class='ocrx_word' id='word_1_6' title='bbox 579 221 768 264; x_wconf 87' lang='lat' dir='ltr'><strong>maximo</strong></span> <span class='ocrx_word' id='word_1_7' title='bbox 809 235 938 278; x_wconf 84' lang='lat' dir='ltr'><strong>quam</strong></span> <span class='ocrx_word' id='word_1_8' title='bbox 974 219 1046 263; x_wconf 83' lang='lat' dir='ltr'><strong>vel</strong></span> <span class='ocrx_word' id='word_1_9' title='bbox 1075 220 1159 262; x_wconf 89' lang='lat' dir='ltr'><strong>sibi</strong></span> <span class='ocrx_word' id='word_1_10' title='bbox 1190 218 1260 261; x_wconf 89' lang='lat' dir='ltr'><strong>vel</strong></span> <span class='ocrx_word' id='word_1_11' title='bbox 1290 233 1395 261; x_wconf 87' lang='lat' dir='ltr'><strong>vero</strong></span> <span class='ocrx_word' id='word_1_12' title='bbox 1426 221 1591 262; x_wconf 85' lang='lat' dir='ltr'><strong>auctori</strong></span> 
     </span>
     <span class='ocr_line' id='line_1_3' title="bbox 68 286 1591 343; baseline -0.004 -9"><span class='ocrx_word' id='word_1_13' title='bbox 68 292 270 334; x_wconf 89' lang='lat' dir='ltr'><strong>maluerit</strong></span> <span class='ocrx_word' id='word_1_14' title='bbox 299 291 507 333; x_wconf 86' lang='lat' dir='ltr'><strong>tribuere.</strong></span> <span class='ocrx_word' id='word_1_15' title='bbox 566 304 646 331; x_wconf 82' lang='lat' dir='ltr'><strong>nec</strong></span> <span class='ocrx_word' id='word_1_16' title='bbox 682 289 856 331; x_wconf 89' lang='lat' dir='ltr'><strong>dubitat</strong></span> <span class='ocrx_word' id='word_1_17' title='bbox 893 287 1021 330; x_wconf 89' lang='lat' dir='ltr'>Thilo</span> <span class='ocrx_word' id='word_1_18' title='bbox 1059 287 1152 343; x_wconf 92' lang='lat' dir='ltr'><strong>ipse</strong></span> <span class='ocrx_word' id='word_1_19' title='bbox 1181 302 1224 343; x_wconf 90' lang='lat' dir='ltr'><strong>p.</strong></span> <span class='ocrx_word' id='word_1_20' title='bbox 1256 286 1312 328; x_wconf 79' lang='lat'><strong>50</strong></span> <span class='ocrx_word' id='word_1_21' title='bbox 1343 287 1470 343; x_wconf 75' lang='lat' dir='ltr'><strong>‘quin</strong></span> <span class='ocrx_word' id='word_1_22' title='bbox 1499 286 1591 331; x_wconf 82' lang='lat' dir='ltr'><strong>Ma-</strong></span> 
     </span>
     <span class='ocr_line' id='line_1_4' title="bbox 69 354 1591 413; baseline -0.004 -12"><span class='ocrx_word' id='word_1_23' title='bbox 69 359 242 402; x_wconf 89' lang='lat' dir='ltr'><strong>crobius</strong></span> <span class='ocrx_word' id='word_1_24' title='bbox 288 359 341 401; x_wconf 87' lang='lat' dir='ltr'><strong>de</strong></span> <span class='ocrx_word' id='word_1_25' title='bbox 371 357 565 413; x_wconf 86' lang='lat' dir='ltr'><strong>Vergilio</strong></span> <span class='ocrx_word' id='word_1_26' title='bbox 605 356 844 413; x_wconf 89' lang='lat' dir='ltr'><strong>scripturus</strong></span> <span class='ocrx_word' id='word_1_27' title='bbox 884 355 978 397; x_wconf 90' lang='lat' dir='ltr'><strong>eius</strong></span> <span class='ocrx_word' id='word_1_28' title='bbox 1001 354 1288 410; x_wconf 85' lang='lat' dir='ltr'><strong>&#39;grammatici</strong></span> <span class='ocrx_word' id='word_1_29' title='bbox 1325 369 1452 410; x_wconf 90' lang='lat' dir='ltr'><strong>quem</strong></span> <span class='ocrx_word' id='word_1_30' title='bbox 1498 354 1591 410; x_wconf 93' lang='lat' dir='ltr'><strong>ipse</strong></span> 
     </span>
     <span class='ocr_line' id='line_1_5' title="bbox 68 421 1591 482; baseline -0.005 -13"><span class='ocrx_word' id='word_1_31' title='bbox 68 426 248 469; x_wconf 90' lang='lat' dir='ltr'><strong>summis</strong></span> <span class='ocrx_word' id='word_1_32' title='bbox 281 426 485 469; x_wconf 85' lang='lat' dir='ltr'><strong>laudibus</strong></span> <span class='ocrx_word' id='word_1_33' title='bbox 515 423 794 482; x_wconf 84' lang='lat' dir='ltr'>prosequitur</span> <span class='ocrx_word' id='word_1_34' title='bbox 823 422 958 465; x_wconf 91' lang='lat' dir='ltr'><strong>libros</strong></span> <span class='ocrx_word' id='word_1_35' title='bbox 990 422 1267 478; x_wconf 88' lang='lat' dir='ltr'><strong>quaesiturus</strong></span> <span class='ocrx_word' id='word_1_36' title='bbox 1299 421 1470 463; x_wconf 85' lang='lat' dir='ltr'><strong>fuerit&#39;.</strong></span> <span class='ocrx_word' id='word_1_37' title='bbox 1507 436 1591 477; x_wconf 91' lang='lat' dir='ltr'><strong>quo</strong></span> 
     </span>
     <span class='ocr_line' id='line_1_6' title="bbox 66 488 1594 549; baseline -0.003 -14"><span class='ocrx_word' id='word_1_38' title='bbox 66 501 211 537; x_wconf 87' lang='lat' dir='ltr'><strong>autem</strong></span> <span class='ocrx_word' id='word_1_39' title='bbox 242 493 380 549; x_wconf 88' lang='lat' dir='ltr'><strong>magis</strong></span> <span class='ocrx_word' id='word_1_40' title='bbox 411 493 630 536; x_wconf 90' lang='lat' dir='ltr'><strong>consentio</strong></span> <span class='ocrx_word' id='word_1_41' title='bbox 661 505 759 532; x_wconf 90' lang='lat' dir='ltr'><strong>cum</strong></span> <span class='ocrx_word' id='word_1_42' title='bbox 788 490 863 532; x_wconf 93' lang='lat' dir='ltr'><strong>illo</strong></span> <span class='ocrx_word' id='word_1_43' title='bbox 892 489 1167 532; x_wconf 89' lang='lat' dir='ltr'><strong>Macrobium</strong></span> <span class='ocrx_word' id='word_1_44' title='bbox 1196 503 1308 546; x_wconf 90' lang='lat' dir='ltr'><strong>quae</strong></span> <span class='ocrx_word' id='word_1_45' title='bbox 1340 488 1394 530; x_wconf 93' lang='lat' dir='ltr'><strong>de</strong></span> <span class='ocrx_word' id='word_1_46' title='bbox 1424 495 1518 531; x_wconf 86' lang='lat' dir='ltr'><strong>arte</strong></span> <span class='ocrx_word' id='word_1_47' title='bbox 1550 495 1594 530; x_wconf 92' lang='lat' dir='ltr'><strong>et</strong></span> 
     </span>
     <span class='ocr_line' id='line_1_7' title="bbox 68 557 1593 616; baseline -0.004 -13"><span class='ocrx_word' id='word_1_48' title='bbox 68 562 266 604; x_wconf 86' lang='lat' dir='ltr'><strong>doctrina</strong></span> <span class='ocrx_word' id='word_1_49' title='bbox 294 560 481 616; x_wconf 86' lang='lat' dir='ltr'>Vergilii</span> <span class='ocrx_word' id='word_1_50' title='bbox 517 557 779 616; x_wconf 81' lang='lat' dir='ltr'><strong>explicanda</strong></span> <span class='ocrx_word' id='word_1_51' title='bbox 817 563 861 599; x_wconf 91' lang='lat' dir='ltr'><strong>et</strong></span> <span class='ocrx_word' id='word_1_52' title='bbox 891 557 1166 599; x_wconf 86' lang='lat' dir='ltr'><strong>defendenda</strong></span> <span class='ocrx_word' id='word_1_53' title='bbox 1195 557 1423 613; x_wconf 83' lang='lat' dir='ltr'>proposuit</span> <span class='ocrx_word' id='word_1_54' title='bbox 1453 570 1539 598; x_wconf 89' lang='lat' dir='ltr'><strong>non</strong></span> <span class='ocrx_word' id='word_1_55' title='bbox 1570 571 1593 597; x_wconf 94' lang='lat' dir='ltr'><strong>e</strong></span> 
     </span>
     <span class='ocr_line' id='line_1_8' title="bbox 66 624 1591 684; baseline -0.003 -14"><span class='ocrx_word' id='word_1_56' title='bbox 66 628 212 671; x_wconf 89' lang='lat' dir='ltr'><strong>multis</strong></span> <span class='ocrx_word' id='word_1_57' title='bbox 261 628 555 684; x_wconf 84' lang='lat' dir='ltr'><strong>antiquiorum</strong></span> <span class='ocrx_word' id='word_1_58' title='bbox 603 627 892 682; x_wconf 86' lang='lat' dir='ltr'><strong>interpretum</strong></span> <span class='ocrx_word' id='word_1_59' title='bbox 940 625 1262 668; x_wconf 88' lang='lat' dir='ltr'><strong>commentariis</strong></span> <span class='ocrx_word' id='word_1_60' title='bbox 1321 624 1591 679; x_wconf 83' lang='lat' dir='ltr'>congessisse</span> 
     </span>
     <span class='ocr_line' id='line_1_9' title="bbox 67 692 1592 752; baseline -0.004 -14"><span class='ocrx_word' id='word_1_61' title='bbox 67 697 129 752; x_wconf 87' lang='lat' dir='ltr'><strong>(p.</strong></span> <span class='ocrx_word' id='word_1_62' title='bbox 160 695 215 738; x_wconf 90' lang='lat'><strong>46</strong></span> <span class='ocrx_word' id='word_1_63' title='bbox 237 702 280 737; x_wconf 90' lang='lat' dir='ltr'><strong>et</strong></span> <span class='ocrx_word' id='word_1_64' title='bbox 300 695 396 748; x_wconf 79' lang='lat'>52),</span> <span class='ocrx_word' id='word_1_65' title='bbox 428 695 504 737; x_wconf 91' lang='lat' dir='ltr'><strong>sed</strong></span> <span class='ocrx_word' id='word_1_66' title='bbox 534 709 620 737; x_wconf 91' lang='lat' dir='ltr'><strong>uno</strong></span> <span class='ocrx_word' id='word_1_67' title='bbox 651 692 723 736; x_wconf 88' lang='lat' dir='ltr'><strong>vel</strong></span> <span class='ocrx_word' id='word_1_68' title='bbox 753 693 906 750; x_wconf 83' lang='lat' dir='ltr'><strong>paucis</strong></span> <span class='ocrx_word' id='word_1_69' title='bbox 937 692 1189 736; x_wconf 89' lang='lat' dir='ltr'><strong>auctoribus</strong></span> <span class='ocrx_word' id='word_1_70' title='bbox 1220 692 1314 734; x_wconf 87' lang='lat' dir='ltr'><strong>fere</strong></span> <span class='ocrx_word' id='word_1_71' title='bbox 1343 697 1592 735; x_wconf 85' lang='lat' dir='ltr'><strong>contentum</strong></span> 
     </span>
     <span class='ocr_line' id='line_1_10' title="bbox 64 759 1592 819; baseline -0.002 -15"><span class='ocrx_word' id='word_1_72' title='bbox 64 763 223 816; x_wconf 83' lang='lat' dir='ltr'><strong>fuisse,</strong></span> <span class='ocrx_word' id='word_1_73' title='bbox 262 778 312 805; x_wconf 91' lang='lat' dir='ltr'><strong>eo</strong></span> <span class='ocrx_word' id='word_1_74' title='bbox 349 761 622 819; x_wconf 83' lang='lat' dir='ltr'><strong>probabilius</strong></span> <span class='ocrx_word' id='word_1_75' title='bbox 660 761 856 813; x_wconf 88' lang='lat' dir='ltr'><strong>videtur,</strong></span> <span class='ocrx_word' id='word_1_76' title='bbox 900 775 950 803; x_wconf 94' lang='lat' dir='ltr'><strong>eo</strong></span> <span class='ocrx_word' id='word_1_77' title='bbox 960 793 972 815; x_wconf 68' lang='lat'><em>7</em></span> <span class='ocrx_word' id='word_1_78' title='bbox 1011 761 1134 804; x_wconf 89' lang='lat' dir='ltr'><strong>cuius</strong></span> <span class='ocrx_word' id='word_1_79' title='bbox 1172 760 1267 816; x_wconf 91' lang='lat' dir='ltr'><strong>ipse</strong></span> <span class='ocrx_word' id='word_1_80' title='bbox 1306 759 1457 802; x_wconf 90' lang='lat' dir='ltr'><strong>laudes</strong></span> <span class='ocrx_word' id='word_1_81' title='bbox 1486 774 1592 816; x_wconf 88' lang='lat' dir='ltr'><strong>prae</strong></span> 
     </span>
     <span class='ocr_line' id='line_1_11' title="bbox 65 827 1500 886; baseline -0.001 -14"><span class='ocrx_word' id='word_1_82' title='bbox 65 831 219 872; x_wconf 88' lang='lat' dir='ltr'><strong>ceteris</strong></span> <span class='ocrx_word' id='word_1_83' title='bbox 251 830 445 886; x_wconf 87' lang='lat' dir='ltr'><strong>insignes</strong></span> <span class='ocrx_word' id='word_1_84' title='bbox 477 844 573 872; x_wconf 91' lang='lat' dir='ltr'><strong>esse</strong></span> <span class='ocrx_word' id='word_1_85' title='bbox 603 827 762 882; x_wconf 81' lang='lat' dir='ltr'><strong>voluit,</strong></span> <span class='ocrx_word' id='word_1_86' title='bbox 793 829 998 886; x_wconf 86' lang='lat' dir='ltr'><strong>primario</strong></span> <span class='ocrx_word' id='word_1_87' title='bbox 1029 834 1204 870; x_wconf 89' lang='lat' dir='ltr'><strong>auctore</strong></span> <span class='ocrx_word' id='word_1_88' title='bbox 1234 842 1362 869; x_wconf 89' lang='lat' dir='ltr'><strong>usum</strong></span> <span class='ocrx_word' id='word_1_89' title='bbox 1393 842 1500 870; x_wconf 90' lang='lat' dir='ltr'><strong>esse.</strong></span> 
     </span>
     <span class='ocr_line' id='line_1_12' title="bbox 177 895 1592 953; baseline -0.002 -13"><span class='ocrx_word' id='word_1_90' title='bbox 177 898 302 951; x_wconf 79' lang='lat' dir='ltr'><strong>Quae</strong></span> <span class='ocrx_word' id='word_1_91' title='bbox 341 912 440 940; x_wconf 88' lang='lat' dir='ltr'><strong>cum</strong></span> <span class='ocrx_word' id='word_1_92' title='bbox 475 899 539 940; x_wconf 89' lang='lat' dir='ltr'><strong>ita</strong></span> <span class='ocrx_word' id='word_1_93' title='bbox 577 897 685 951; x_wconf 83' lang='lat' dir='ltr'><strong>sint,</strong></span> <span class='ocrx_word' id='word_1_94' title='bbox 726 896 926 939; x_wconf 84' lang='lat' dir='ltr'><strong>Servium</strong></span> <span class='ocrx_word' id='word_1_95' title='bbox 962 895 1137 952; x_wconf 91' lang='lat' dir='ltr'><strong>quidem</strong></span> <span class='ocrx_word' id='word_1_96' title='bbox 1167 895 1310 952; x_wconf 89' lang='lat' dir='ltr'><strong>ipsum</strong></span> <span class='ocrx_word' id='word_1_97' title='bbox 1340 896 1592 953; x_wconf 84' lang='lat' dir='ltr'><strong>recuperari</strong></span> 
     </span>
     <span class='ocr_line' id='line_1_13' title="bbox 64 964 1592 1020; baseline -0.002 -13"><span class='ocrx_word' id='word_1_98' title='bbox 64 966 226 1008; x_wconf 90' lang='lat' dir='ltr'><strong>nostris</strong></span> <span class='ocrx_word' id='word_1_99' title='bbox 267 965 443 1008; x_wconf 81' lang='lat' dir='ltr'><strong>auxiliis</strong></span> <span class='ocrx_word' id='word_1_100' title='bbox 475 966 648 1008; x_wconf 90' lang='lat' dir='ltr'><strong>omnino</strong></span> <span class='ocrx_word' id='word_1_101' title='bbox 680 979 935 1020; x_wconf 84' lang='lat' dir='ltr'><strong>numquam,</strong></span> <span class='ocrx_word' id='word_1_102' title='bbox 968 979 1122 1006; x_wconf 92' lang='lat' dir='ltr'><strong>verum</strong></span> <span class='ocrx_word' id='word_1_103' title='bbox 1152 964 1392 1006; x_wconf 91' lang='lat' dir='ltr'><strong>coniunctis</strong></span> <span class='ocrx_word' id='word_1_104' title='bbox 1424 964 1592 1006; x_wconf 88' lang='lat' dir='ltr'><strong>Macro-</strong></span> 
     </span>
     <span class='ocr_line' id='line_1_14' title="bbox 63 1030 1592 1090; baseline -0.003 -14"><span class='ocrx_word' id='word_1_105' title='bbox 63 1033 127 1076; x_wconf 93' lang='lat' dir='ltr'><strong>bii</strong></span> <span class='ocrx_word' id='word_1_106' title='bbox 165 1030 383 1090; x_wconf 62' lang='lat' dir='ltr'><strong>eiicerptis</strong></span> <span class='ocrx_word' id='word_1_107' title='bbox 422 1048 522 1075; x_wconf 88' lang='lat' dir='ltr'><strong>cum</strong></span> <span class='ocrx_word' id='word_1_108' title='bbox 559 1032 757 1074; x_wconf 87' lang='lat' dir='ltr'><strong>Danielis</strong></span> <span class='ocrx_word' id='word_1_109' title='bbox 804 1031 1116 1074; x_wconf 85' lang='lat' dir='ltr'><strong>additamentis</strong></span> <span class='ocrx_word' id='word_1_110' title='bbox 1155 1030 1291 1073; x_wconf 91' lang='lat' dir='ltr'><strong>multo</strong></span> <span class='ocrx_word' id='word_1_111' title='bbox 1329 1038 1446 1073; x_wconf 90' lang='lat' dir='ltr'><strong>certe</strong></span> <span class='ocrx_word' id='word_1_112' title='bbox 1483 1031 1592 1073; x_wconf 90' lang='lat' dir='ltr'><strong>inte-</strong></span> 
     </span>
     <span class='ocr_line' id='line_1_15' title="bbox 64 1098 1593 1156; baseline -0.001 -14"><span class='ocrx_word' id='word_1_113' title='bbox 64 1102 252 1156; x_wconf 88' lang='lat' dir='ltr'><strong>griorem</strong></span> <span class='ocrx_word' id='word_1_114' title='bbox 283 1107 326 1143; x_wconf 91' lang='lat' dir='ltr'><strong>et</strong></span> <span class='ocrx_word' id='word_1_115' title='bbox 355 1101 533 1156; x_wconf 89' lang='lat' dir='ltr'><strong>antiquo</strong></span> <span class='ocrx_word' id='word_1_116' title='bbox 565 1098 817 1141; x_wconf 89' lang='lat' dir='ltr'><strong>similiorem</strong></span> <span class='ocrx_word' id='word_1_117' title='bbox 839 1114 969 1156; x_wconf 89' lang='lat' dir='ltr'><strong>quam</strong></span> <span class='ocrx_word' id='word_1_118' title='bbox 999 1114 1055 1142; x_wconf 82' lang='lat' dir='ltr'><strong>ex</strong></span> <span class='ocrx_word' id='word_1_119' title='bbox 1085 1098 1260 1154; x_wconf 89' lang='lat' dir='ltr'><strong>vulgari</strong></span> <span class='ocrx_word' id='word_1_120' title='bbox 1289 1098 1593 1156; x_wconf 87' lang='lat' dir='ltr'><strong>plerorumque</strong></span> 
     </span>
     <span class='ocr_line' id='line_1_16' title="bbox 65 1166 1593 1223; baseline -0.003 -12"><span class='ocrx_word' id='word_1_121' title='bbox 65 1168 262 1211; x_wconf 90' lang='lat' dir='ltr'><strong>codicum</strong></span> <span class='ocrx_word' id='word_1_122' title='bbox 282 1169 493 1210; x_wconf 91' lang='lat' dir='ltr'><strong>memoria</strong></span> <span class='ocrx_word' id='word_1_123' title='bbox 512 1167 811 1210; x_wconf 86' lang='lat' dir='ltr'><strong>reconcinnari</strong></span> <span class='ocrx_word' id='word_1_124' title='bbox 841 1181 970 1223; x_wconf 91' lang='lat' dir='ltr'><strong>posse</strong></span> <span class='ocrx_word' id='word_1_125' title='bbox 999 1167 1131 1209; x_wconf 90' lang='lat' dir='ltr'><strong>etiam</strong></span> <span class='ocrx_word' id='word_1_126' title='bbox 1150 1181 1266 1208; x_wconf 91' lang='lat' dir='ltr'><strong>nunc</strong></span> <span class='ocrx_word' id='word_1_127' title='bbox 1297 1166 1454 1209; x_wconf 88' lang='lat' dir='ltr'><strong>sentio.</strong></span> <span class='ocrx_word' id='word_1_128' title='bbox 1491 1181 1593 1207; x_wconf 87' lang='lat' dir='ltr'><strong>nam</strong></span> 
     </span>
     <span class='ocr_line' id='line_1_17' title="bbox 64 1233 1591 1292; baseline -0.002 -14"><span class='ocrx_word' id='word_1_129' title='bbox 64 1236 267 1292; x_wconf 88' lang='lat' dir='ltr'><strong>ignarum</strong></span> <span class='ocrx_word' id='word_1_130' title='bbox 296 1236 434 1278; x_wconf 88' lang='lat' dir='ltr'><strong>fuisse</strong></span> <span class='ocrx_word' id='word_1_131' title='bbox 455 1235 656 1278; x_wconf 86' lang='lat' dir='ltr'><strong>Serviani</strong></span> <span class='ocrx_word' id='word_1_132' title='bbox 677 1235 977 1277; x_wconf 89' lang='lat' dir='ltr'><strong>commentarii</strong></span> <span class='ocrx_word' id='word_1_133' title='bbox 996 1234 1270 1276; x_wconf 90' lang='lat' dir='ltr'><strong>Macrobium</strong></span> <span class='ocrx_word' id='word_1_134' title='bbox 1301 1233 1410 1275; x_wconf 91' lang='lat' dir='ltr'><strong>mihi</strong></span> <span class='ocrx_word' id='word_1_135' title='bbox 1441 1249 1591 1291; x_wconf 89' lang='lat' dir='ltr'><strong>quam-</strong></span> 
     </span>
     <span class='ocr_line' id='line_1_18' title="bbox 70 1301 1592 1363; baseline -0.003 -16"><span class='ocrx_word' id='word_1_136' title='bbox 70 1304 138 1347; x_wconf 88' lang='lat' dir='ltr'><strong>vis</strong></span> <span class='ocrx_word' id='word_1_137' title='bbox 159 1318 342 1361; x_wconf 90' lang='lat' dir='ltr'><strong>operosa</strong></span> <span class='ocrx_word' id='word_1_138' title='bbox 363 1303 660 1363; x_wconf 83' lang='lat' dir='ltr'><strong>disputatione</strong></span> <span class='ocrx_word' id='word_1_139' title='bbox 679 1303 749 1345; x_wconf 87' lang='lat' dir='ltr'><strong>vir</strong></span> <span class='ocrx_word' id='word_1_140' title='bbox 770 1301 1129 1358; x_wconf 81' lang='lat' dir='ltr'><strong>diligentissimus</strong></span> <span class='ocrx_word' id='word_1_141' title='bbox 1151 1317 1239 1345; x_wconf 92' lang='lat' dir='ltr'><strong>non</strong></span> <span class='ocrx_word' id='word_1_142' title='bbox 1261 1301 1592 1344; x_wconf 88' lang='lat' dir='ltr'><strong>demonstravit.</strong></span> 
     </span>
    </p>
   </div>
   <div class='ocr_carea' id='block_1_3' title="bbox 178 1375 931 1426">
    <p class='ocr_par' dir='ltr' id='par_1_3' title="bbox 178 1375 931 1426">
     <span class='ocr_line' id='line_1_19' title="bbox 178 1375 931 1426; baseline -0.001 -1"><span class='ocrx_word' id='word_1_143' title='bbox 178 1383 353 1425; x_wconf 84' lang='lat' dir='ltr'><strong>Dabam</strong></span> <span class='ocrx_word' id='word_1_144' title='bbox 381 1382 527 1426; x_wconf 83' lang='lat' dir='ltr'><strong>Kiliae</strong></span> <span class='ocrx_word' id='word_1_145' title='bbox 557 1375 703 1425; x_wconf 89' lang='lat' dir='ltr'><strong>mense</strong></span> <span class='ocrx_word' id='word_1_146' title='bbox 735 1381 931 1425; x_wconf 85' lang='lat' dir='ltr'><strong>Octobri.</strong></span> 
     </span>
    </p>
   </div>
   <div class='ocr_carea' id='block_1_4' title="bbox 22 1607 1595 2848">
    <p class='ocr_par' dir='ltr' id='par_1_4' title="bbox 65 1607 1595 2060">
     <span class='ocr_line' id='line_1_20' title="bbox 178 1607 1592 1664; baseline 0 -14"><span class='ocrx_word' id='word_1_147' title='bbox 178 1611 357 1651; x_wconf 84' lang='lat' dir='ltr'><strong>Holdero</strong></span> <span class='ocrx_word' id='word_1_148' title='bbox 386 1623 429 1664; x_wconf 90' lang='lat' dir='ltr'><strong>p.</strong></span> <span class='ocrx_word' id='word_1_149' title='bbox 460 1607 551 1650; x_wconf 90' lang='lat' dir='ltr'><strong>VII</strong></span> <span class='ocrx_word' id='word_1_150' title='bbox 585 1607 765 1650; x_wconf 88' lang='lat' dir='ltr'><strong>laudato</strong></span> <span class='ocrx_word' id='word_1_151' title='bbox 797 1607 935 1651; x_wconf 85' lang='lat' dir='ltr'><strong>debeo</strong></span> <span class='ocrx_word' id='word_1_152' title='bbox 967 1608 1096 1650; x_wconf 88' lang='lat' dir='ltr'><strong>etiam</strong></span> <span class='ocrx_word' id='word_1_153' title='bbox 1126 1607 1332 1651; x_wconf 86' lang='lat' dir='ltr'><strong>Vossiani</strong></span> <span class='ocrx_word' id='word_1_154' title='bbox 1361 1607 1592 1650; x_wconf 89' lang='lat' dir='ltr'><strong>Leidensis</strong></span> 
     </span>
     <span class='ocr_line' id='line_1_21' title="bbox 66 1659 1595 1721; baseline 0 -15"><span class='ocrx_word' id='word_1_155' title='bbox 66 1681 107 1706; x_wconf 86' lang='lat' dir='ltr'><strong>n.</strong></span> <span class='ocrx_word' id='word_1_156' title='bbox 143 1665 220 1705; x_wconf 89' lang='lat'><strong>111</strong></span> <span class='ocrx_word' id='word_1_157' title='bbox 253 1659 492 1721; x_wconf 80' lang='lat' dir='ltr'><strong>scripturas</strong></span> <span class='ocrx_word' id='word_1_158' title='bbox 512 1663 827 1707; x_wconf 86' lang='lat' dir='ltr'><strong>versiculorum</strong></span> <span class='ocrx_word' id='word_1_159' title='bbox 859 1664 912 1706; x_wconf 89' lang='lat' dir='ltr'><strong>de</strong></span> <span class='ocrx_word' id='word_1_160' title='bbox 942 1672 998 1706; x_wconf 81' lang='lat' dir='ltr'><strong>est</strong></span> <span class='ocrx_word' id='word_1_161' title='bbox 1026 1671 1065 1706; x_wconf 83' lang='lat' dir='ltr'><strong>et</strong></span> <span class='ocrx_word' id='word_1_162' title='bbox 1093 1678 1174 1707; x_wconf 81' lang='lat' dir='ltr'><strong>non</strong></span> <span class='ocrx_word' id='word_1_163' title='bbox 1205 1664 1520 1721; x_wconf 89' lang='lat' dir='ltr'><strong>monosyllabis</strong></span> <span class='ocrx_word' id='word_1_164' title='bbox 1551 1672 1595 1706; x_wconf 93' lang='lat' dir='ltr'><strong>et</strong></span> 
     </span>
     <span class='ocr_line' id='line_1_22' title="bbox 66 1721 1594 1778; baseline 0.001 -17"><span class='ocrx_word' id='word_1_165' title='bbox 66 1725 116 1761; x_wconf 81' lang='lat' dir='ltr'><strong>de</strong></span> <span class='ocrx_word' id='word_1_166' title='bbox 144 1725 232 1762; x_wconf 79' lang='lat' dir='ltr'><strong>viro</strong></span> <span class='ocrx_word' id='word_1_167' title='bbox 261 1725 364 1763; x_wconf 85' lang='lat' dir='ltr'><strong>bono</strong></span> <span class='ocrx_word' id='word_1_168' title='bbox 394 1721 717 1763; x_wconf 82' lang='lat' dir='ltr'><strong>accuratissime</strong></span> <span class='ocrx_word' id='word_1_169' title='bbox 747 1727 962 1763; x_wconf 89' lang='lat' dir='ltr'><strong>enotatas.</strong></span> <span class='ocrx_word' id='word_1_170' title='bbox 1003 1735 1114 1777; x_wconf 90' lang='lat' dir='ltr'><strong>quae</strong></span> <span class='ocrx_word' id='word_1_171' title='bbox 1144 1736 1244 1763; x_wconf 91' lang='lat' dir='ltr'><strong>cum</strong></span> <span class='ocrx_word' id='word_1_172' title='bbox 1270 1736 1478 1778; x_wconf 86' lang='lat' dir='ltr'><strong>expresso</strong></span> <span class='ocrx_word' id='word_1_173' title='bbox 1507 1722 1594 1763; x_wconf 89' lang='lat' dir='ltr'><strong>iam</strong></span> 
     </span>
     <span class='ocr_line' id='line_1_23' title="bbox 65 1776 1593 1833; baseline 0.001 -15"><span class='ocrx_word' id='word_1_174' title='bbox 65 1777 156 1818; x_wconf 88' lang='lat' dir='ltr'><strong>fere</strong></span> <span class='ocrx_word' id='word_1_175' title='bbox 185 1777 303 1833; x_wconf 85' lang='lat' dir='ltr'><strong>typis</strong></span> <span class='ocrx_word' id='word_1_176' title='bbox 333 1783 459 1819; x_wconf 84' lang='lat' dir='ltr'><strong>textu</strong></span> <span class='ocrx_word' id='word_1_177' title='bbox 487 1791 582 1818; x_wconf 93' lang='lat' dir='ltr'><strong>meo</strong></span> <span class='ocrx_word' id='word_1_178' title='bbox 613 1791 712 1819; x_wconf 92' lang='lat' dir='ltr'><strong>cum</strong></span> <span class='ocrx_word' id='word_1_179' title='bbox 742 1776 1024 1820; x_wconf 87' lang='lat' dir='ltr'><strong>adnotatione</strong></span> <span class='ocrx_word' id='word_1_180' title='bbox 1054 1778 1100 1819; x_wconf 92' lang='lat' dir='ltr'><strong>in</strong></span> <span class='ocrx_word' id='word_1_181' title='bbox 1129 1793 1283 1819; x_wconf 90' lang='lat' dir='ltr'><strong>manus</strong></span> <span class='ocrx_word' id='word_1_182' title='bbox 1313 1792 1431 1820; x_wconf 90' lang='lat' dir='ltr'><strong>meas</strong></span> <span class='ocrx_word' id='word_1_183' title='bbox 1463 1792 1593 1820; x_wconf 87' lang='lat' dir='ltr'><strong>vene-</strong></span> 
     </span>
     <span class='ocr_line' id='line_1_24' title="bbox 66 1833 1595 1890; baseline 0.002 -17"><span class='ocrx_word' id='word_1_184' title='bbox 66 1833 155 1874; x_wconf 88' lang='lat' dir='ltr'><strong>rint</strong></span> <span class='ocrx_word' id='word_1_185' title='bbox 183 1847 264 1876; x_wconf 71' lang='grc'><strong>1166</strong></span> <span class='ocrx_word' id='word_1_186' title='bbox 294 1834 349 1876; x_wconf 93' lang='lat' dir='ltr'><strong>ad</strong></span> <span class='ocrx_word' id='word_1_187' title='bbox 378 1833 650 1876; x_wconf 89' lang='lat' dir='ltr'><strong>restituenda</strong></span> <span class='ocrx_word' id='word_1_188' title='bbox 678 1840 834 1890; x_wconf 89' lang='lat' dir='ltr'><strong>poetae</strong></span> <span class='ocrx_word' id='word_1_189' title='bbox 854 1834 992 1876; x_wconf 88' lang='lat' dir='ltr'><strong>verba</strong></span> <span class='ocrx_word' id='word_1_190' title='bbox 1011 1835 1115 1876; x_wconf 87' lang='lat' dir='ltr'><strong>novi</strong></span> <span class='ocrx_word' id='word_1_191' title='bbox 1136 1834 1375 1890; x_wconf 86' lang='lat' dir='ltr'><strong>quidquam</strong></span> <span class='ocrx_word' id='word_1_192' title='bbox 1397 1834 1595 1876; x_wconf 89' lang='lat' dir='ltr'><strong>conferre</strong></span> 
     </span>
     <span class='ocr_line' id='line_1_25' title="bbox 65 1889 1593 1953; baseline 0.002 -23"><span class='ocrx_word' id='word_1_193' title='bbox 65 1891 185 1931; x_wconf 88' lang='lat' dir='ltr'><strong>visae</strong></span> <span class='ocrx_word' id='word_1_194' title='bbox 217 1889 323 1944; x_wconf 82' lang='lat' dir='ltr'><strong>sint,</strong></span> <span class='ocrx_word' id='word_1_195' title='bbox 354 1897 499 1933; x_wconf 90' lang='lat' dir='ltr'><strong>tamen</strong></span> <span class='ocrx_word' id='word_1_196' title='bbox 528 1896 618 1932; x_wconf 86' lang='lat' dir='ltr'><strong>tam</strong></span> <span class='ocrx_word' id='word_1_197' title='bbox 648 1891 814 1946; x_wconf 81' lang='lat' dir='ltr'><strong>antiqui</strong></span> <span class='ocrx_word' id='word_1_198' title='bbox 848 1890 951 1933; x_wconf 91' lang='lat' dir='ltr'><strong>libri</strong></span> <span class='ocrx_word' id='word_1_199' title='bbox 979 1891 1250 1944; x_wconf 79' lang='lat' dir='ltr'><strong>testimonia,</strong></span> <span class='ocrx_word' id='word_1_200' title='bbox 1281 1891 1367 1953; x_wconf 74' lang='lat' dir='ltr'><strong>nisi</strong></span> <span class='ocrx_word' id='word_1_201' title='bbox 1397 1906 1507 1947; x_wconf 91' lang='lat' dir='ltr'><strong>quae</strong></span> <span class='ocrx_word' id='word_1_202' title='bbox 1537 1891 1593 1933; x_wconf 89' lang='lat' dir='ltr'><strong>ab</strong></span> 
     </span>
     <span class='ocr_line' id='line_1_26' title="bbox 65 1946 1592 2003; baseline 0.001 -16"><span class='ocrx_word' id='word_1_203' title='bbox 65 1946 182 1987; x_wconf 90' lang='lat' dir='ltr'><strong>omni</strong></span> <span class='ocrx_word' id='word_1_204' title='bbox 210 1953 335 2002; x_wconf 91' lang='lat' dir='ltr'><strong>parte</strong></span> <span class='ocrx_word' id='word_1_205' title='bbox 364 1948 468 1988; x_wconf 89' lang='lat' dir='ltr'><strong>trita</strong></span> <span class='ocrx_word' id='word_1_206' title='bbox 497 1946 569 1988; x_wconf 88' lang='lat' dir='ltr'><strong>vel</strong></span> <span class='ocrx_word' id='word_1_207' title='bbox 598 1946 769 1988; x_wconf 90' lang='lat' dir='ltr'><strong>inutilia</strong></span> <span class='ocrx_word' id='word_1_208' title='bbox 788 1953 955 2002; x_wconf 86' lang='lat' dir='ltr'><strong>essent,</strong></span> <span class='ocrx_word' id='word_1_209' title='bbox 986 1948 1217 2003; x_wconf 87' lang='lat' dir='ltr'><strong>apparatui</strong></span> <span class='ocrx_word' id='word_1_210' title='bbox 1245 1961 1341 1989; x_wconf 92' lang='lat' dir='ltr'><strong>meo</strong></span> <span class='ocrx_word' id='word_1_211' title='bbox 1370 1947 1491 1989; x_wconf 90' lang='lat' dir='ltr'><strong>nolui</strong></span> <span class='ocrx_word' id='word_1_212' title='bbox 1521 1948 1592 1989; x_wconf 91' lang='lat' dir='ltr'><strong>de-</strong></span> 
     </span>
     <span class='ocr_line' id='line_1_27' title="bbox 65 2002 1591 2060; baseline 0.001 -17"><span class='ocrx_word' id='word_1_213' title='bbox 65 2017 173 2044; x_wconf 87' lang='lat' dir='ltr'><strong>esse.</strong></span> <span class='ocrx_word' id='word_1_214' title='bbox 204 2002 334 2058; x_wconf 91' lang='lat' dir='ltr'><strong>plena</strong></span> <span class='ocrx_word' id='word_1_215' title='bbox 353 2018 457 2046; x_wconf 81' lang='lat' dir='ltr'><strong>mox</strong></span> <span class='ocrx_word' id='word_1_216' title='bbox 473 2002 668 2044; x_wconf 85' lang='lat' dir='ltr'><strong>Riesium</strong></span> <span class='ocrx_word' id='word_1_217' title='bbox 687 2004 732 2044; x_wconf 93' lang='lat' dir='ltr'><strong>in</strong></span> <span class='ocrx_word' id='word_1_218' title='bbox 753 2002 1005 2059; x_wconf 83' lang='lat' dir='ltr'><strong>anthologia</strong></span> <span class='ocrx_word' id='word_1_219' title='bbox 1024 2003 1242 2046; x_wconf 90' lang='lat' dir='ltr'><strong>editurum</strong></span> <span class='ocrx_word' id='word_1_220' title='bbox 1262 2019 1358 2045; x_wconf 90' lang='lat' dir='ltr'><strong>esse</strong></span> <span class='ocrx_word' id='word_1_221' title='bbox 1379 2004 1591 2060; x_wconf 86' lang='lat' dir='ltr'><strong>suspicor.</strong></span> 
     </span>
    </p>

    <p class='ocr_par' dir='ltr' id='par_1_5' title="bbox 22 2058 1595 2848">
     <span class='ocr_line' id='line_1_28' title="bbox 176 2058 1595 2116; baseline 0.001 -16"><span class='ocrx_word' id='word_1_222' title='bbox 176 2058 322 2102; x_wconf 91' lang='lat' dir='ltr'><strong>Riesio</strong></span> <span class='ocrx_word' id='word_1_223' title='bbox 345 2059 400 2101; x_wconf 91' lang='lat' dir='ltr'><strong>de</strong></span> <span class='ocrx_word' id='word_1_224' title='bbox 420 2059 536 2102; x_wconf 91' lang='lat' dir='ltr'><strong>notis</strong></span> <span class='ocrx_word' id='word_1_225' title='bbox 568 2060 726 2101; x_wconf 84' lang='lat' dir='ltr'><strong>criticis</strong></span> <span class='ocrx_word' id='word_1_226' title='bbox 758 2059 984 2102; x_wconf 86' lang='lat' dir='ltr'><strong>oblocutus</strong></span> <span class='ocrx_word' id='word_1_227' title='bbox 1016 2066 1082 2103; x_wconf 92' lang='lat' dir='ltr'><strong>est</strong></span> <span class='ocrx_word' id='word_1_228' title='bbox 1090 2092 1103 2114; x_wconf 62' lang='lat'><em>7</em></span> <span class='ocrx_word' id='word_1_229' title='bbox 1135 2061 1214 2102; x_wconf 92' lang='lat' dir='ltr'><strong>sed</strong></span> <span class='ocrx_word' id='word_1_230' title='bbox 1242 2059 1388 2116; x_wconf 90' lang='lat' dir='ltr'><strong>paullo</strong></span> <span class='ocrx_word' id='word_1_231' title='bbox 1418 2060 1514 2114; x_wconf 86' lang='lat' dir='ltr'><strong>ille,</strong></span> <span class='ocrx_word' id='word_1_232' title='bbox 1545 2067 1595 2102; x_wconf 91' lang='lat' dir='ltr'><strong>ut</strong></span> 
     </span>
     <span class='ocr_line' id='line_1_29' title="bbox 65 2114 1589 2172; baseline 0.001 -16"><span class='ocrx_word' id='word_1_233' title='bbox 65 2114 197 2168; x_wconf 84' lang='lat' dir='ltr'><strong>solet,</strong></span> <span class='ocrx_word' id='word_1_234' title='bbox 235 2115 483 2158; x_wconf 88' lang='lat' dir='ltr'><strong>mordacius</strong></span> <span class='ocrx_word' id='word_1_235' title='bbox 520 2117 565 2157; x_wconf 93' lang='lat' dir='ltr'><strong>in</strong></span> <span class='ocrx_word' id='word_1_236' title='bbox 602 2116 733 2158; x_wconf 82' lang='lat' dir='ltr'><strong>lexici</strong></span> <span class='ocrx_word' id='word_1_237' title='bbox 777 2116 846 2158; x_wconf 91' lang='lat' dir='ltr'><strong>sui</strong></span> <span class='ocrx_word' id='word_1_238' title='bbox 882 2116 1237 2159; x_wconf 91' lang='lat' dir='ltr'><strong>Vindobonensis</strong></span> <span class='ocrx_word' id='word_1_239' title='bbox 1283 2118 1506 2172; x_wconf 91' lang='lat' dir='ltr'><strong>prooemio</strong></span> <span class='ocrx_word' id='word_1_240' title='bbox 1548 2132 1589 2172; x_wconf 90' lang='lat' dir='ltr'><strong>p.</strong></span> 
     </span>
     <span class='ocr_line' id='line_1_30' title="bbox 64 2170 1592 2230; baseline 0.002 -18"><span class='ocrx_word' id='word_1_241' title='bbox 64 2170 275 2214; x_wconf 87' lang='lat' dir='ltr'>XXXIX</span> <span class='ocrx_word' id='word_1_242' title='bbox 318 2175 575 2223; x_wconf 71' lang='lat' dir='ltr'><strong>Auqustus</strong></span> <span class='ocrx_word' id='word_1_243' title='bbox 619 2175 881 2215; x_wconf 71' lang='lat' dir='ltr'><strong>Nauckz‘us</strong></span> <span class='ocrx_word' id='word_1_244' title='bbox 926 2188 1111 2230; x_wconf 90' lang='lat' dir='ltr'><strong>quoque.</strong></span> <span class='ocrx_word' id='word_1_245' title='bbox 1170 2174 1244 2229; x_wconf 91' lang='lat' dir='ltr'><strong>qui</strong></span> <span class='ocrx_word' id='word_1_246' title='bbox 1274 2172 1422 2214; x_wconf 88' lang='lat' dir='ltr'><strong>attulit</strong></span> <span class='ocrx_word' id='word_1_247' title='bbox 1451 2187 1592 2215; x_wconf 85' lang='lat' dir='ltr'><strong>exem-</strong></span> 
     </span>
     <span class='ocr_line' id='line_1_31' title="bbox 63 2227 1592 2285; baseline 0.002 -17"><span class='ocrx_word' id='word_1_248' title='bbox 63 2227 205 2283; x_wconf 81' lang='lat' dir='ltr'><strong>plum,</strong></span> <span class='ocrx_word' id='word_1_249' title='bbox 252 2243 336 2284; x_wconf 90' lang='lat' dir='ltr'><strong>quo</strong></span> <span class='ocrx_word' id='word_1_250' title='bbox 373 2228 622 2271; x_wconf 87' lang='lat' dir='ltr'><strong>ostenderet</strong></span> <span class='ocrx_word' id='word_1_251' title='bbox 659 2232 845 2285; x_wconf 75' lang='lat' dir='ltr'><strong>‘quanta</strong></span> <span class='ocrx_word' id='word_1_252' title='bbox 880 2240 1051 2272; x_wconf 86' lang='lat' dir='ltr'><strong>veteres</strong></span> <span class='ocrx_word' id='word_1_253' title='bbox 1082 2228 1422 2285; x_wconf 88' lang='lat' dir='ltr'><strong>interpolatores</strong></span> <span class='ocrx_word' id='word_1_254' title='bbox 1461 2235 1592 2271; x_wconf 91' lang='lat' dir='ltr'><strong>teme-</strong></span> 
     </span>
     <span class='ocr_line' id='line_1_32' title="bbox 62 2284 1594 2342; baseline 0.003 -18"><span class='ocrx_word' id='word_1_255' title='bbox 62 2284 192 2326; x_wconf 85' lang='lat' dir='ltr'><strong>ritate</strong></span> <span class='ocrx_word' id='word_1_256' title='bbox 235 2284 282 2325; x_wconf 93' lang='lat' dir='ltr'><strong>in</strong></span> <span class='ocrx_word' id='word_1_257' title='bbox 318 2284 504 2340; x_wconf 89' lang='lat' dir='ltr'><strong>Vergilii</strong></span> <span class='ocrx_word' id='word_1_258' title='bbox 539 2285 737 2327; x_wconf 89' lang='lat' dir='ltr'><strong>Aeneide</strong></span> <span class='ocrx_word' id='word_1_259' title='bbox 774 2287 964 2340; x_wconf 87' lang='lat' dir='ltr'><strong>grassati</strong></span> <span class='ocrx_word' id='word_1_260' title='bbox 1007 2285 1171 2328; x_wconf 88' lang='lat' dir='ltr'><strong>fuerint</strong></span> <span class='ocrx_word' id='word_1_261' title='bbox 1206 2292 1249 2327; x_wconf 92' lang='lat' dir='ltr'><strong>et</strong></span> <span class='ocrx_word' id='word_1_262' title='bbox 1291 2300 1421 2342; x_wconf 89' lang='lat' dir='ltr'><strong>quam</strong></span> <span class='ocrx_word' id='word_1_263' title='bbox 1464 2285 1594 2328; x_wconf 90' lang='lat' dir='ltr'><strong>facile</strong></span> 
     </span>
     <span class='ocr_line' id='line_1_33' title="bbox 64 2341 1595 2399; baseline 0.003 -18"><span class='ocrx_word' id='word_1_264' title='bbox 64 2341 198 2381; x_wconf 90' lang='lat' dir='ltr'><strong>etiam</strong></span> <span class='ocrx_word' id='word_1_265' title='bbox 234 2341 542 2382; x_wconf 88' lang='lat' dir='ltr'><strong>absurdissimi</strong></span> <span class='ocrx_word' id='word_1_266' title='bbox 588 2355 741 2383; x_wconf 90' lang='lat' dir='ltr'><strong>versus</strong></span> <span class='ocrx_word' id='word_1_267' title='bbox 785 2348 962 2383; x_wconf 90' lang='lat' dir='ltr'><strong>nostrae</strong></span> <span class='ocrx_word' id='word_1_268' title='bbox 1006 2343 1162 2384; x_wconf 88' lang='lat' dir='ltr'><strong>aetatis</strong></span> <span class='ocrx_word' id='word_1_269' title='bbox 1207 2342 1381 2384; x_wconf 90' lang='lat' dir='ltr'><strong>criticos</strong></span> <span class='ocrx_word' id='word_1_270' title='bbox 1425 2343 1595 2399; x_wconf 89' lang='lat' dir='ltr'><strong>possint</strong></span> 
     </span>
     <span class='ocr_line' id='line_1_34' title="bbox 65 2396 1594 2455; baseline 0.002 -18"><span class='ocrx_word' id='word_1_271' title='bbox 65 2396 239 2438; x_wconf 90' lang='lat' dir='ltr'><strong>eludere</strong></span> <span class='ocrx_word' id='word_1_272' title='bbox 249 2400 278 2448; x_wconf 78' lang='lat'><strong>⁹,</strong></span> <span class='ocrx_word' id='word_1_273' title='bbox 318 2397 432 2438; x_wconf 78' lang='lat' dir='ltr'><strong>sexti</strong></span> <span class='ocrx_word' id='word_1_274' title='bbox 468 2396 570 2438; x_wconf 90' lang='lat' dir='ltr'><strong>libri</strong></span> <span class='ocrx_word' id='word_1_275' title='bbox 614 2397 765 2446; x_wconf 92' lang='lat' dir='ltr'><strong>finem,</strong></span> <span class='ocrx_word' id='word_1_276' title='bbox 802 2398 881 2440; x_wconf 92' lang='lat' dir='ltr'><strong>ubi</strong></span> <span class='ocrx_word' id='word_1_277' title='bbox 918 2399 1124 2440; x_wconf 67' lang='lat' dir='ltr'><strong>&lt;abiectis</strong></span> <span class='ocrx_word' id='word_1_278' title='bbox 1155 2399 1356 2441; x_wconf 88' lang='lat' dir='ltr'><strong>versibus</strong></span> <span class='ocrx_word' id='word_1_279' title='bbox 1388 2405 1594 2455; x_wconf 86' lang='lat' dir='ltr'><strong>quattuor</strong></span> 
     </span>
     <span class='ocr_line' id='line_1_35' title="bbox 65 2451 1592 2510; baseline 0.002 -16"><span class='ocrx_word' id='word_1_280' title='bbox 65 2452 288 2494; x_wconf 77' lang='lat'>893—896</span> <span class='ocrx_word' id='word_1_281' title='bbox 318 2458 363 2494; x_wconf 91' lang='lat' dir='ltr'><strong>et</strong></span> <span class='ocrx_word' id='word_1_282' title='bbox 391 2451 585 2494; x_wconf 88' lang='lat' dir='ltr'><strong>admissa</strong></span> <span class='ocrx_word' id='word_1_283' title='bbox 604 2469 646 2495; x_wconf 88' lang='lat' dir='ltr'><strong>v.</strong></span> <span class='ocrx_word' id='word_1_284' title='bbox 669 2453 750 2495; x_wconf 83' lang='lat'><strong>897</strong></span> <span class='ocrx_word' id='word_1_285' title='bbox 780 2452 965 2498; x_wconf 90' lang='lat' dir='ltr'><strong>lectione</strong></span> <span class='ocrx_word' id='word_1_286' title='bbox 995 2458 1057 2496; x_wconf 73' lang='lat' dir='ltr'><strong>leis</strong></span> <span class='ocrx_word' id='word_1_287' title='bbox 1075 2459 1164 2498; x_wconf 78' lang='lat' dir='ltr'><strong>ubi’</strong></span> <span class='ocrx_word' id='word_1_288' title='bbox 1198 2455 1451 2510; x_wconf 82' lang='lat' dir='ltr'><strong>[deteriore]</strong></span> <span class='ocrx_word' id='word_1_289' title='bbox 1484 2459 1592 2498; x_wconf 72' lang='lat' dir='ltr'><strong>‘cor-</strong></span> 
     </span>
     <span class='ocr_line' id='line_1_36' title="bbox 64 2508 1591 2567; baseline 0.003 -18"><span class='ocrx_word' id='word_1_290' title='bbox 64 2508 316 2563; x_wconf 83' lang='lat' dir='ltr'><strong>rigendum&#39;</strong></span> <span class='ocrx_word' id='word_1_291' title='bbox 348 2509 586 2551; x_wconf 85' lang='lat' dir='ltr'><strong>arbitratur</strong></span> <span class='ocrx_word' id='word_1_292' title='bbox 615 2512 849 2567; x_wconf 64' lang='lat' dir='ltr'><strong>‘portaque</strong></span> <span class='ocrx_word' id='word_1_293' title='bbox 883 2511 1042 2553; x_wconf 84' lang='lat' dir='ltr'><strong>emittit</strong></span> <span class='ocrx_word' id='word_1_294' title='bbox 1071 2517 1264 2554; x_wconf 80' lang='lat' dir='ltr'><strong>averna&#39;.</strong></span> <span class='ocrx_word' id='word_1_295' title='bbox 1323 2512 1466 2554; x_wconf 89' lang='lat' dir='ltr'><strong>minus</strong></span> <span class='ocrx_word' id='word_1_296' title='bbox 1498 2511 1591 2553; x_wconf 88' lang='lat' dir='ltr'><strong>feli-</strong></span> 
     </span>
     <span class='ocr_line' id='line_1_37' title="bbox 65 2565 1591 2621; baseline 0.003 -16"><span class='ocrx_word' id='word_1_297' title='bbox 65 2565 173 2606; x_wconf 87' lang='lat' dir='ltr'><strong>citer</strong></span> <span class='ocrx_word' id='word_1_298' title='bbox 200 2570 374 2621; x_wconf 90' lang='lat' dir='ltr'><strong>poetam</strong></span> <span class='ocrx_word' id='word_1_299' title='bbox 403 2566 466 2607; x_wconf 89' lang='lat' dir='ltr'><strong>ita</strong></span> <span class='ocrx_word' id='word_1_300' title='bbox 494 2580 585 2607; x_wconf 90' lang='lat' dir='ltr'><strong>rem</strong></span> <span class='ocrx_word' id='word_1_301' title='bbox 621 2565 887 2620; x_wconf 83' lang='lat' dir='ltr'><strong>instituisse,</strong></span> <span class='ocrx_word' id='word_1_302' title='bbox 926 2573 976 2609; x_wconf 90' lang='lat' dir='ltr'><strong>ut</strong></span> <span class='ocrx_word' id='word_1_303' title='bbox 1014 2582 1071 2609; x_wconf 80' lang='lat' dir='ltr'><strong>ex</strong></span> <span class='ocrx_word' id='word_1_304' title='bbox 1113 2569 1281 2611; x_wconf 90' lang='lat' dir='ltr'><strong>eburna</strong></span> <span class='ocrx_word' id='word_1_305' title='bbox 1318 2567 1591 2610; x_wconf 82' lang='lat' dir='ltr'><strong>Somniorum</strong></span> 
     </span>
     <span class='ocr_line' id='line_1_38' title="bbox 66 2620 1592 2681; baseline 0.003 -19"><span class='ocrx_word' id='word_1_306' title='bbox 66 2626 191 2677; x_wconf 88' lang='lat' dir='ltr'><strong>porta</strong></span> <span class='ocrx_word' id='word_1_307' title='bbox 227 2620 286 2662; x_wconf 88' lang='lat' dir='ltr'><strong>ad</strong></span> <span class='ocrx_word' id='word_1_308' title='bbox 314 2635 494 2678; x_wconf 87' lang='lat' dir='ltr'><strong>superos</strong></span> <span class='ocrx_word' id='word_1_309' title='bbox 524 2622 705 2663; x_wconf 89' lang='lat' dir='ltr'><strong>Aenean</strong></span> <span class='ocrx_word' id='word_1_310' title='bbox 740 2624 904 2665; x_wconf 88' lang='lat' dir='ltr'><strong>remitti</strong></span> <span class='ocrx_word' id='word_1_311' title='bbox 939 2623 1144 2679; x_wconf 76' lang='lat' dir='ltr'><strong>fingeret,</strong></span> <span class='ocrx_word' id='word_1_312' title='bbox 1176 2624 1279 2667; x_wconf 91' lang='lat' dir='ltr'><strong>olim</strong></span> <span class='ocrx_word' id='word_1_313' title='bbox 1315 2625 1515 2681; x_wconf 85' lang='lat' dir='ltr'><strong>Heynius</strong></span> <span class='ocrx_word' id='word_1_314' title='bbox 1546 2626 1592 2666; x_wconf 89' lang='lat' dir='ltr'><strong>in</strong></span> 
     </span>
     <span class='ocr_line' id='line_1_39' title="bbox 66 2677 1590 2733; baseline 0.003 -15"><span class='ocrx_word' id='word_1_315' title='bbox 66 2691 253 2718; x_wconf 82' lang='lat' dir='ltr'><strong>excursu</strong></span> <span class='ocrx_word' id='word_1_316' title='bbox 291 2677 347 2719; x_wconf 90' lang='lat' dir='ltr'><strong>ad</strong></span> <span class='ocrx_word' id='word_1_317' title='bbox 384 2678 499 2720; x_wconf 91' lang='lat' dir='ltr'><strong>hunc</strong></span> <span class='ocrx_word' id='word_1_318' title='bbox 534 2678 693 2720; x_wconf 91' lang='lat' dir='ltr'><strong>librum</strong></span> <span class='ocrx_word' id='word_1_319' title='bbox 728 2678 817 2720; x_wconf 92' lang='lat' dir='ltr'><strong>XV</strong></span> <span class='ocrx_word' id='word_1_320' title='bbox 853 2680 1043 2733; x_wconf 80' lang='lat' dir='ltr'><strong>monuit,</strong></span> <span class='ocrx_word' id='word_1_321' title='bbox 1081 2688 1125 2722; x_wconf 87' lang='lat' dir='ltr'><strong>et</strong></span> <span class='ocrx_word' id='word_1_322' title='bbox 1161 2681 1206 2722; x_wconf 91' lang='lat' dir='ltr'><strong>in</strong></span> <span class='ocrx_word' id='word_1_323' title='bbox 1236 2695 1432 2723; x_wconf 88' lang='lat' dir='ltr'><strong>sermone</strong></span> <span class='ocrx_word' id='word_1_324' title='bbox 1461 2681 1590 2723; x_wconf 90' lang='lat' dir='ltr'><strong>huius</strong></span> 
     </span>
     <span class='ocr_line' id='line_1_40' title="bbox 22 2731 1592 2794; baseline 0.004 -22"><span class='ocrx_word' id='word_1_325' title='bbox 22 2735 27 2740; x_wconf 83' lang='lat'>&#39;</span> <span class='ocrx_word' id='word_1_326' title='bbox 67 2731 151 2774; x_wconf 92' lang='lat' dir='ltr'><strong>loci</strong></span> <span class='ocrx_word' id='word_1_327' title='bbox 180 2732 352 2776; x_wconf 88' lang='lat' dir='ltr'><strong>solitam</strong></span> <span class='ocrx_word' id='word_1_328' title='bbox 382 2734 475 2776; x_wconf 90' lang='lat' dir='ltr'><strong>eius</strong></span> <span class='ocrx_word' id='word_1_329' title='bbox 507 2733 767 2790; x_wconf 88' lang='lat' dir='ltr'><strong>elegantiam</strong></span> <span class='ocrx_word' id='word_1_330' title='bbox 797 2734 1067 2778; x_wconf 89' lang='lat' dir='ltr'><strong>desideravit</strong></span> <span class='ocrx_word' id='word_1_331' title='bbox 1096 2736 1427 2793; x_wconf 82' lang='lat' dir='ltr'><strong>PeerlkampuS,</strong></span> <span class='ocrx_word' id='word_1_332' title='bbox 1459 2752 1486 2778; x_wconf 92' lang='lat' dir='ltr'><strong>a</strong></span> <span class='ocrx_word' id='word_1_333' title='bbox 1505 2752 1592 2794; x_wconf 92' lang='lat' dir='ltr'><strong>qua</strong></span> 
     </span>
     <span class='ocr_line' id='line_1_41' title="bbox 68 2788 1589 2848; baseline 0.003 -18"><span class='ocrx_word' id='word_1_334' title='bbox 68 2802 172 2830; x_wconf 86' lang='lat' dir='ltr'><strong>sane</strong></span> <span class='ocrx_word' id='word_1_335' title='bbox 200 2788 326 2844; x_wconf 89' lang='lat' dir='ltr'><strong>longe</strong></span> <span class='ocrx_word' id='word_1_336' title='bbox 356 2790 482 2833; x_wconf 89' lang='lat' dir='ltr'><strong>abest</strong></span> <span class='ocrx_word' id='word_1_337' title='bbox 509 2807 552 2833; x_wconf 84' lang='lat' dir='ltr'><strong>v.</strong></span> <span class='ocrx_word' id='word_1_338' title='bbox 583 2790 684 2832; x_wconf 85' lang='lat'>896:</span> <span class='ocrx_word' id='word_1_339' title='bbox 716 2797 765 2833; x_wconf 90' lang='lat' dir='ltr'><strong>ut</strong></span> <span class='ocrx_word' id='word_1_340' title='bbox 793 2791 1082 2848; x_wconf 87' lang='lat' dir='ltr'><strong>inperfectum</strong></span> <span class='ocrx_word' id='word_1_341' title='bbox 1111 2793 1225 2836; x_wconf 89' lang='lat' dir='ltr'><strong>hunc</strong></span> <span class='ocrx_word' id='word_1_342' title='bbox 1255 2794 1422 2836; x_wconf 76' lang='lat' dir='ltr'><strong>exitum</strong></span> <span class='ocrx_word' id='word_1_343' title='bbox 1453 2799 1496 2835; x_wconf 90' lang='lat' dir='ltr'><strong>et</strong></span> <span class='ocrx_word' id='word_1_344' title='bbox 1525 2808 1589 2835; x_wconf 89' lang='lat' dir='ltr'><strong>se-</strong></span> 
     </span>
    </p>
   </div>
   <div class='ocr_carea' id='block_1_5' title="bbox 1440 2933 1446 2950">
    <p class='ocr_par' dir='ltr' id='par_1_6' title="bbox 1440 2933 1446 2950">
     <span class='ocr_line' id='line_1_42' title="bbox 1440 2933 1446 2950; baseline 0 0"><span class='ocrx_word' id='word_1_345' title='bbox 1440 2933 1446 2950; x_wconf 80' lang='grc' dir='ltr'><strong><em>Ι</em></strong></span> 
     </span>
    </p>
   </div>
  </div>
 </body>
</html>
