1884 3126
0 2577 6 2600 ww
0 2459 19 2564 s'ss-HEH’N
0 2350 14 2452 VUUFJ'·
0 2261 14 2340 *ΚἿῙΫ
0 2215 9 2233 “-
0 2177 5 2204 “’”

749 144 963 172 MORETUM.
1533 129 1614 171 139

201 259 427 311 agrestique
458 270 573 298 suum
603 256 753 298 solatur
783 268 878 296 voce
908 255 1101 301 laborem,
1561 257 1615 295 30

200 327 400 368 interdum
431 326 574 366 clamat
603 324 808 378 Scybalen.
871 329 955 364 erat
985 324 1100 364 unica
1133 327 1277 368 custos,

201 396 293 436 Afra
323 407 469 447 genus,
501 399 580 434 tota
610 393 776 446 patriam
809 396 976 432 testante
1005 392 1142 443 figura,

202 468 304 503 torta
336 475 488 503 comam
519 461 711 514 labroque
740 465 897 500 tumens
930 466 967 499 et
997 460 1108 499 fusca
1138 457 1284 503 colore,

202 537 364 584 pectore
394 530 490 574 lata.
523 531 655 569 iacens
686 529 885 574 mammis,
918 527 1186 579 compressior
1217 525 1314 575 alvo,

202 598 382 640 cruribus
413 597 544 643 exilis,
576 598 745 650 spatiosa
775 595 940 648 prodiga
972 581 1115 648 planta.
1557 595 1608 633 35

203 666 418 720 [continuis
447 667 556 705 rimis
585 663 767 704 calcanea
788 665 918 703 *scissa
950 662 1163 716 rigebant]

203 736 303 775 lianc
332 740 444 774 vocat
474 739 590 785 atque
609 723 757 772 *arsura
790 732 887 772 focis
917 733 1122 783 imponere
1152 730 1257 781 ligna

202 804 371 855 imperat
401 807 439 841 et
468 801 624 840 flamma
655 799 807 851 gelidos
838 799 1000 839 adolere
1031 798 1221 851 liquores.

258 870 470 922 Postquam
501 868 676 921 implevit
706 880 805 919 opus
835 868 938 906 iusto
969 865 1153 906 versatile
1182 867 1274 911 fine,

203 937 390 978 transfert
417 937 510 976 inde
540 948 659 977 manu
688 936 796 975 fusas
826 936 867 974 in
898 934 1027 974 cribra
1058 935 1205 973 farinas
1561 935 1616 974 40

206 1012 244 1046 et
274 1007 414 1058 quatit,
447 1018 491 1045 ac
522 1009 729 1044 remanent
759 1015 915 1043 summo
946 1003 1180 1055 purgamina
1211 1001 1343 1047 dorso,

204 1073 371 1113 subsidit
399 1074 552 1112 sincera
583 1071 921 1122 foraminibusque
951 1070 1124 1123 liquatur

207 1141 415 1181 emundata
446 1152 569 1180 ceres.
628 1140 704 1179 levi
735 1145 817 1179 tum
848 1139 1028 1191 protinus
1057 1138 1165 1177 illam

206 1210 406 1261 componit
435 1207 586 1254 tabula,
617 1207 769 1260 tepidas
799 1219 920 1259 super
949 1207 1096 1258 ingerit
1126 1206 1271 1251 undas;

207 1276 400 1317 contrahit
429 1276 623 1316 admixtos
652 1279 733 1314 tum
765 1275 883 1313 fontis
913 1279 1031 1325 atque
1061 1274 1209 1314 farinas
1561 1278 1613 1315 45

205 1349 424 1384 transversa
458 1343 650 1395 duratque
681 1355 799 1382 manu
830 1341 1061 1392 liquidoque
1092 1346 1230 1382 coacto

177 1454 231 1492 30
259 1450 366 1504 voce]
401 1458 480 1489 utre
522 1454 553 1490 V
684 1452 735 1489 31
767 1452 907 1488 Interea
937 1453 993 1489 Ζα
1099 1451 1255 1489 scibalen
1294 1457 1371 1489 erat
1402 1453 1432 1490 S
1467 1453 1616 1502 cybalen

93 1516 170 1548 erat
200 1521 220 1549 ε
250 1509 398 1547 sibalem
435 1515 510 1546 erat
544 1510 576 1546 T
609 1507 743 1550 cibale3
780 1508 848 1545 hec
885 1514 961 1545 erat
1002 1510 1031 1546 V
1060 1508 1171 1546 cibale
1210 1510 1277 1546 hec
1315 1514 1390 1546 erat
1418 1522 1445 1557 p
1484 1509 1617 1547 thibale

92 1569 160 1604 hec
194 1573 271 1604 erat
302 1566 346 1602 H
377 1566 500 1614 cybale
538 1566 626 1602 haec
663 1570 741 1601 erat
772 1566 827 1602 Ζοι
941 1565 1035 1603 Post
1072 1578 1104 1603 v.
1138 1565 1188 1602 31
1230 1569 1419 1613 repetitur
1457 1580 1489 1604 v.
1525 1567 1547 1604 7
1579 1570 1616 1603 in

92 1624 330 1671 FSabcch.
362 1622 529 1670 Hauptii
564 1625 712 1670 quaest.
754 1622 890 1659 Catull.
919 1634 961 1669 p.
996 1622 1050 1660 50
1172 1622 1224 1659 32
1255 1622 1335 1671 Ipsa
1365 1623 1504 1660 FSabc

92 1682 246 1730 patrium
276 1685 352 1716 tota
383 1679 556 1716 FOSabc
585 1679 735 1727 patriam
766 1683 842 1714 tota
866 1677 1104 1716 Colbertinus
1122 1678 1149 1715 4
1264 1679 1317 1717 33
1349 1680 1468 1716 Torua
1499 1681 1536 1716 E

92 1737 210 1774 calore
240 1735 357 1774 AB?
483 1734 536 1773 34
565 1734 717 1771 Pectora
745 1734 1133 1774 AFHOSTVYabee
1252 1737 1370 1773 iacent
1404 1738 1455 1775 ΤΕ
1486 1747 1617 1785 gerens

94 1794 195 1831 Sabc
281 1792 502 1841 eomplexior
542 1792 573 1829 V
599 1792 848 1839 comprensior
878 1804 901 1828 α
1018 1791 1070 1830 35
1102 1793 1265 1841 spaciosa
1306 1793 1361 1840 Vp
1392 1794 1554 1842 spaciose
1590 1794 1622 1830 T

175 1849 339 1899 prodigia
359 1849 473 1886 ABV
556 1847 678 1897 plante
702 1848 735 1884 T
846 1848 899 1886 36
928 1859 997 1885 om.
1020 1849 1231 1886 ABEFOS
1243 1849 1397 1896 VYabc,
1420 1853 1492 1887 imo
1514 1862 1616 1886 mar-

91 1909 177 1955 yine
205 1919 252 1943 m.
285 1917 365 1942 rec.
399 1907 485 1942 add.
518 1906 572 1950 B,
612 1905 753 1941 habent
782 1907 820 1941 in
850 1909 961 1945 textu
992 1905 1175 1953 ΗΤΖρεα
1289 1906 1472 1943 scaleanea
1503 1907 1538 1942 B
1568 1919 1614 1942 m.

93 1974 172 2000 rec.
262 1963 352 1999 sissa
385 1962 418 1999 T
529 1961 580 1999 37
613 1961 702 1997 focis
733 1972 855 1997 arsura
887 1963 925 1998 E
1007 1963 1182 2011 inponere
1214 1963 1243 2000 S
1270 1964 1474 2012 imponeret
1503 1963 1539 1999 Y

92 2019 216 2067 lingua
245 2018 289 2054 H
401 2017 453 2056 38
484 2017 613 2054 bullire
644 2017 746 2055 Sabe
861 2017 913 2055 39
944 2018 1014 2055 Sed
1044 2025 1237 2067 postquam
1262 2021 1314 2058 Τε
1401 2020 1554 2068 inpleuit
1591 2021 1621 2057 V

179 2087 269 2124 opus
300 2075 370 2112 om'.
402 2074 534 2112 BTYe
619 2074 716 2110 iusto
740 2074 960 2116 EFOSabc‚
991 2077 1237 2121 membranae
1259 2076 1452 2124 Scaliyeri
1480 2077 1617 2113 iustum

93 2132 173 2169 BH
176 2132 211 2168 T
219 2132 249 2169 V
255 2131 392 2179 YZpea
451 2130 1028 2171 fineE'FOSTabe.membranae
1039 2132 1231 2180 Scaliyeri
1240 2131 1347 2169 finem
1355 2133 1431 2169 BH
1442 2133 1475 2169 V
1478 2133 1513 2169 Y
1512 2134 1618 2180 Zpeoc

176 2188 232 2226 40
262 2187 467 2224 Transferat
500 2187 580 2223 ΒΥ
660 2187 741 2224 bide
777 2188 810 2223 Y
836 2187 896 2223 illa
916 2188 1090 2225 FOSubc
1176 2200 1301 2225 manus
1323 2189 1534 2236 E'HTVZp

96 2249 193 2281 tusas
222 2254 255 2286 ε,
299 2245 451 2282 Vossius
554 2243 606 2280 41
639 2254 680 2280 ac
709 2245 802 2282 ΕΤε
831 2244 898 2280 hac
928 2244 1005 2280 AY
1027 2241 1119 2293 hanc
1149 2244 1266 2291 (corr.
1290 2258 1336 2282 m.
1361 2243 1454 2293 ant.)
1486 2246 1523 2282 B
1552 2246 1619 2282 hec

95 2301 125 2338 S
152 2301 238 2338 baec
267 2301 410 2338 FOabc
439 2305 476 2337 et
507 2300 551 2335 H
561 2301 673 2347 VZpu
704 2305 739 2336 at
773 2301 980 2338 Thuaneus
1010 2301 1032 2337 2
1121 2312 1259 2338 summa
1296 2302 1333 2338 Y
1441 2301 1495 2338 42
1527 2302 1618 2338 Sub-

95 2357 187 2394 sedit
229 2358 372 2404 HTVp
414 2356 582 2392 Subditlit
626 2356 661 2392 1⁷
693 2356 859 2392 Suscedit
896 2357 927 2393 Z
962 2357 1119 2406 Suscipit
1158 2359 1197 2394 Ε
1321 2359 1461 2395 sincere
1492 2360 1529 2395 B
1564 2360 1618 2395 in-

50 2419 63 2428 ‘
97 2418 199 2461 cepta
217 2415 256 2450 E
338 2413 508 2461 loquatur
535 2412 577 2447 H
605 2412 743 2449 colatur
775 2413 807 2450 V
917 2412 971 2450 43
1002 2413 1198 2451 Emundata
1230 2415 1460 2463 HSTVZpoc
1489 2414 1617 2451 Emen—

58 2507 63 2512 ,
96 2469 175 2506 data
193 2469 438 2508 ABEYabce
504 2474 590 2505 tunc
607 2469 683 2506 ΕΗ
695 2469 762 2516 Vp,
785 2481 855 2506 om.
877 2470 911 2506 T
969 2469 1027 2506 illa
1044 2471 1363 2509 ABEOSTYabc
1439 2471 1494 2508 44
1515 2471 1618 2508 Com-

95 2547 183 2607 poit',
215 2573 260 2597 m.
294 2562 426 2597 eadem
457 2562 513 2596 sic
544 2570 662 2596 cor-ra:
692 2539 858 2607 Comffnit
888 2559 924 2594 B
954 2558 1134 2608 Conponit
1176 2562 1207 2598 V
1331 2561 1384 2598 45
1416 2574 1486 2599 om.
1516 2564 1617 2599 dete-

97 2618 220 2654 riores
249 2618 403 2665 quidam
434 2616 623 2664 Silliyiani
707 2614 794 2651 Cum
825 2615 933 2652 trahit
963 2616 1031 2653 FO
1061 2616 1223 2654 Conterit
1254 2628 1274 2656 ε
1361 2618 1533 2655 admistos
1562 2620 1618 2656 Ζα

99 2671 267 2710 admixtas
304 2672 684 2710 ABEFOSTYabce
797 2676 884 2708 tunc
926 2673 957 2710 V
990 2683 1087 2709 nunc
1116 2674 1332 2711 BSTYabc
1436 2675 1548 2712 sontis
1591 2677 1622 2714 V

98 2726 218 2766 fontes
248 2729 451 2777 HSZabcp
482 2727 627 2765 frondes
657 2727 894 2767 ABFOTYe
924 2728 1096 2767 frondens
1128 2734 1141 2766 t
1170 2731 1341 2768 frendens
1374 2731 1588 2770 Gronovius

182 2784 235 2833 46
257 2785 471 2823 Transversa
495 2785 672 2833 Scaliger
692 2784 926 2822 Transuersat
947 2784 1072 2833 (Trans
1094 2793 1215 2824 uersat
1234 2786 1283 2836 B)
1304 2789 1403 2835 libri,
1426 2792 1501 2826 nisi
1519 2791 1621 2837 quod

18 2844 22 2853 ’
99 2840 318 2895 Trannersat
333 2853 354 2883 ε
440 2842 616 2892 duratque
634 2841 816 2879 Heinsius
837 2843 889 2879 ad
910 2838 1030 2880 Ουίἀίί
1044 2842 1139 2893 fase.
1163 2843 1176 2880 1
1198 2844 1290 2888 338,
1321 2846 1474 2883 Vossius
1494 2846 1620 2886 durata
