<?xml version="1.0" encoding="UTF-8"?>
<!DOCTYPE html PUBLIC "-//W3C//DTD XHTML 1.0 Transitional//EN"
    "http://www.w3.org/TR/xhtml1/DTD/xhtml1-transitional.dtd">
<html xmlns="http://www.w3.org/1999/xhtml" xml:lang="en" lang="en">
 <head>
  <title>
</title>
<meta http-equiv="Content-Type" content="text/html;charset=utf-8" />
  <meta name='ocr-system' content='tesseract 3.04.00' />
  <meta name='ocr-capabilities' content='ocr_page ocr_carea ocr_par ocr_line ocrx_word'/>
</head>
<body>
  <div class='ocr_page' id='page_1' title='image "./operavirg04virguoft_0044.png"; bbox 0 0 1884 3126; ppageno 0'>
   <div class='ocr_carea' id='block_1_1' title="bbox 311 153 1217 198">
    <p class='ocr_par' dir='ltr' id='par_1_1' title="bbox 311 153 1217 198">
     <span class='ocr_line' id='line_1_1' title="bbox 311 153 1217 198; baseline 0.006 -6"><span class='ocrx_word' id='word_1_1' title='bbox 311 153 365 193; x_wconf 80' lang='lat'>24</span> <span class='ocrx_word' id='word_1_2' title='bbox 890 171 1217 198; x_wconf 72' lang='lat' dir='ltr'>PROLEGOMENON</span> 
     </span>
    </p>
   </div>
   <div class='ocr_carea' id='block_1_2' title="bbox 917 377 1189 425">
    <p class='ocr_par' dir='ltr' id='par_1_2' title="bbox 917 377 1189 425">
     <span class='ocr_line' id='line_1_2' title="bbox 917 377 1189 425; baseline -0.004 0"><span class='ocrx_word' id='word_1_3' title='bbox 917 377 1090 425; x_wconf 80' lang='lat' dir='ltr'>CAPUT</span> <span class='ocrx_word' id='word_1_4' title='bbox 1126 377 1189 424; x_wconf 93' lang='grc' dir='ltr'>Π.</span> 
     </span>
    </p>
   </div>
   <div class='ocr_carea' id='block_1_3' title="bbox 707 499 1391 572">
    <p class='ocr_par' dir='ltr' id='par_1_3' title="bbox 707 499 1391 572">
     <span class='ocr_line' id='line_1_3' title="bbox 707 499 1391 572; baseline 0.003 -20"><span class='ocrx_word' id='word_1_5' title='bbox 707 500 786 553; x_wconf 69' lang='lat' dir='ltr'>&#39;De</span> <span class='ocrx_word' id='word_1_6' title='bbox 832 499 974 555; x_wconf 81' lang='lat' dir='ltr'>libris</span> <span class='ocrx_word' id='word_1_7' title='bbox 1022 500 1391 572; x_wconf 70' lang='lat' dir='ltr'>manuscriptis</span> 
     </span>
    </p>
   </div>
   <div class='ocr_carea' id='block_1_4' title="bbox 301 706 1802 2208">
    <p class='ocr_par' dir='ltr' id='par_1_4' title="bbox 311 706 1800 1671">
     <span class='ocr_line' id='line_1_4' title="bbox 423 706 1797 759; baseline 0.003 -15"><span class='ocrx_word' id='word_1_8' title='bbox 423 706 526 745; x_wconf 87' lang='lat' dir='ltr'>Haec</span> <span class='ocrx_word' id='word_1_9' title='bbox 556 708 690 755; x_wconf 84' lang='lat' dir='ltr'>igitur,</span> <span class='ocrx_word' id='word_1_10' title='bbox 722 708 769 746; x_wconf 92' lang='lat' dir='ltr'>de</span> <span class='ocrx_word' id='word_1_11' title='bbox 802 708 942 759; x_wconf 88' lang='lat' dir='ltr'>quibus</span> <span class='ocrx_word' id='word_1_12' title='bbox 973 710 1142 748; x_wconf 77' lang='lat' dir='ltr'>Donatus</span> <span class='ocrx_word' id='word_1_13' title='bbox 1174 715 1210 748; x_wconf 90' lang='lat' dir='ltr'>et</span> <span class='ocrx_word' id='word_1_14' title='bbox 1240 711 1394 749; x_wconf 83' lang='lat' dir='ltr'>Servius</span> <span class='ocrx_word' id='word_1_15' title='bbox 1421 715 1538 750; x_wconf 86' lang='lat' dir='ltr'>testes</span> <span class='ocrx_word' id='word_1_16' title='bbox 1567 715 1669 754; x_wconf 86' lang='lat' dir='ltr'>sunt,</span> <span class='ocrx_word' id='word_1_17' title='bbox 1701 710 1797 749; x_wconf 87' lang='lat' dir='ltr'>anti-</span> 
     </span>
     <span class='ocr_line' id='line_1_5' title="bbox 312 774 1798 827; baseline 0.003 -18"><span class='ocrx_word' id='word_1_18' title='bbox 312 785 384 822; x_wconf 86' lang='lat' dir='ltr'>qua</span> <span class='ocrx_word' id='word_1_19' title='bbox 416 777 540 810; x_wconf 88' lang='lat' dir='ltr'>aetate</span> <span class='ocrx_word' id='word_1_20' title='bbox 577 774 683 822; x_wconf 81' lang='lat' dir='ltr'>quasi</span> <span class='ocrx_word' id='word_1_21' title='bbox 721 775 911 825; x_wconf 80' lang='lat' dir='ltr'>appendix</span> <span class='ocrx_word' id='word_1_22' title='bbox 942 775 1156 825; x_wconf 85' lang='lat' dir='ltr'>Vergiliana</span> <span class='ocrx_word' id='word_1_23' title='bbox 1189 789 1263 814; x_wconf 89' lang='lat' dir='ltr'>uno</span> <span class='ocrx_word' id='word_1_24' title='bbox 1295 776 1486 816; x_wconf 88' lang='lat' dir='ltr'>volumine</span> <span class='ocrx_word' id='word_1_25' title='bbox 1518 777 1798 827; x_wconf 86' lang='lat' dir='ltr'>comprehensa</span> 
     </span>
     <span class='ocr_line' id='line_1_6' title="bbox 313 839 1796 891; baseline 0.003 -15"><span class='ocrx_word' id='word_1_26' title='bbox 313 839 479 877; x_wconf 78' lang='lat' dir='ltr'>fuerunt.</span> <span class='ocrx_word' id='word_1_27' title='bbox 537 839 602 877; x_wconf 87' lang='lat' dir='ltr'>sed</span> <span class='ocrx_word' id='word_1_28' title='bbox 634 846 907 879; x_wconf 78' lang='lat' dir='ltr'>succrescente</span> <span class='ocrx_word' id='word_1_29' title='bbox 937 841 1116 891; x_wconf 81' lang='lat' dir='ltr'>paulatim</span> <span class='ocrx_word' id='word_1_30' title='bbox 1147 841 1252 891; x_wconf 83' lang='lat' dir='ltr'>larga</span> <span class='ocrx_word' id='word_1_31' title='bbox 1274 842 1405 881; x_wconf 87' lang='lat' dir='ltr'>vilium</span> <span class='ocrx_word' id='word_1_32' title='bbox 1428 843 1641 881; x_wconf 77' lang='lat' dir='ltr'><strong>carminum</strong></span> <span class='ocrx_word' id='word_1_33' title='bbox 1662 854 1796 885; x_wconf 87' lang='lat' dir='ltr'>messe,</span> 
     </span>
     <span class='ocr_line' id='line_1_7' title="bbox 311 906 1799 958; baseline 0.001 -16"><span class='ocrx_word' id='word_1_34' title='bbox 311 917 474 955; x_wconf 91' lang='lat' dir='ltr'>quorum</span> <span class='ocrx_word' id='word_1_35' title='bbox 515 911 689 944; x_wconf 76' lang='lat' dir='ltr'>auctores</span> <span class='ocrx_word' id='word_1_36' title='bbox 729 906 883 946; x_wconf 76' lang='lat' dir='ltr'><strong>obscuri</strong></span> <span class='ocrx_word' id='word_1_37' title='bbox 923 913 1070 950; x_wconf 84' lang='lat' dir='ltr'>essent,</span> <span class='ocrx_word' id='word_1_38' title='bbox 1126 909 1312 958; x_wconf 90' lang='lat' dir='ltr'>primum,</span> <span class='ocrx_word' id='word_1_39' title='bbox 1370 910 1409 946; x_wconf 89' lang='lat' dir='ltr'>ni</span> <span class='ocrx_word' id='word_1_40' title='bbox 1459 908 1591 952; x_wconf 78' lang='lat' dir='ltr'>fallor,</span> <span class='ocrx_word' id='word_1_41' title='bbox 1639 909 1799 957; x_wconf 76' lang='lat' dir='ltr'>integris</span> 
     </span>
     <span class='ocr_line' id='line_1_8' title="bbox 313 972 1798 1024; baseline 0.003 -17"><span class='ocrx_word' id='word_1_42' title='bbox 313 975 351 1008; x_wconf 88' lang='lat' dir='ltr'>et</span> <span class='ocrx_word' id='word_1_43' title='bbox 380 972 557 1020; x_wconf 78' lang='lat' dir='ltr'>genuinis</span> <span class='ocrx_word' id='word_1_44' title='bbox 589 978 723 1022; x_wconf 85' lang='lat' dir='ltr'>poetae</span> <span class='ocrx_word' id='word_1_45' title='bbox 754 972 955 1023; x_wconf 88' lang='lat' dir='ltr'>operibus,</span> <span class='ocrx_word' id='word_1_46' title='bbox 995 973 1179 1012; x_wconf 88' lang='lat' dir='ltr'>bucolicis</span> <span class='ocrx_word' id='word_1_47' title='bbox 1208 975 1397 1023; x_wconf 76' lang='lat' dir='ltr'>georgicis</span> <span class='ocrx_word' id='word_1_48' title='bbox 1427 973 1605 1017; x_wconf 83' lang='lat' dir='ltr'>Aeneidi,</span> <span class='ocrx_word' id='word_1_49' title='bbox 1644 980 1798 1024; x_wconf 87' lang='lat' dir='ltr'>praeter</span> 
     </span>
     <span class='ocr_line' id='line_1_9' title="bbox 313 1037 1800 1090; baseline 0.002 -16"><span class='ocrx_word' id='word_1_50' title='bbox 313 1041 460 1087; x_wconf 84' lang='lat' dir='ltr'>septem</span> <span class='ocrx_word' id='word_1_51' title='bbox 499 1037 557 1075; x_wconf 87' lang='lat' dir='ltr'>vel</span> <span class='ocrx_word' id='word_1_52' title='bbox 596 1043 682 1076; x_wconf 90' lang='lat' dir='ltr'>octo</span> <span class='ocrx_word' id='word_1_53' title='bbox 720 1038 883 1082; x_wconf 67' lang='lat' dir='ltr'>libellos,</span> <span class='ocrx_word' id='word_1_54' title='bbox 908 1050 1003 1088; x_wconf 87' lang='lat' dir='ltr'>quos</span> <span class='ocrx_word' id='word_1_55' title='bbox 1041 1051 1156 1090; x_wconf 87' lang='lat' dir='ltr'>supra</span> <span class='ocrx_word' id='word_1_56' title='bbox 1194 1039 1510 1090; x_wconf 78' lang='lat' dir='ltr'>perlustravimus</span> <span class='ocrx_word' id='word_1_57' title='bbox 1547 1039 1672 1077; x_wconf 89' lang='lat' dir='ltr'>addita</span> <span class='ocrx_word' id='word_1_58' title='bbox 1710 1044 1800 1077; x_wconf 89' lang='lat' dir='ltr'>sunt</span> 
     </span>
     <span class='ocr_line' id='line_1_10' title="bbox 313 1101 1798 1155; baseline 0.003 -16"><span class='ocrx_word' id='word_1_59' title='bbox 313 1115 409 1152; x_wconf 89' lang='lat' dir='ltr'>quae</span> <span class='ocrx_word' id='word_1_60' title='bbox 445 1101 568 1153; x_wconf 87' lang='lat' dir='ltr'>aliqua</span> <span class='ocrx_word' id='word_1_61' title='bbox 606 1105 753 1142; x_wconf 84' lang='lat' dir='ltr'>ratione</span> <span class='ocrx_word' id='word_1_62' title='bbox 783 1104 827 1142; x_wconf 86' lang='lat' dir='ltr'>ad</span> <span class='ocrx_word' id='word_1_63' title='bbox 860 1116 922 1143; x_wconf 88' lang='lat' dir='ltr'>res</span> <span class='ocrx_word' id='word_1_64' title='bbox 951 1104 1009 1142; x_wconf 91' lang='lat' dir='ltr'>vel</span> <span class='ocrx_word' id='word_1_65' title='bbox 1039 1106 1174 1155; x_wconf 77' lang='lat' dir='ltr'>poesin</span> <span class='ocrx_word' id='word_1_66' title='bbox 1204 1105 1359 1155; x_wconf 87' lang='lat' dir='ltr'>Vergilii</span> <span class='ocrx_word' id='word_1_67' title='bbox 1390 1106 1648 1155; x_wconf 87' lang='lat' dir='ltr'>pertinerent,</span> <span class='ocrx_word' id='word_1_68' title='bbox 1686 1115 1798 1153; x_wconf 82' lang='lat' dir='ltr'>argu-</span> 
     </span>
     <span class='ocr_line' id='line_1_11' title="bbox 314 1169 1798 1224; baseline 0.001 -18"><span class='ocrx_word' id='word_1_69' title='bbox 314 1173 441 1207; x_wconf 87' lang='lat' dir='ltr'>menta</span> <span class='ocrx_word' id='word_1_70' title='bbox 472 1169 557 1224; x_wconf 85' lang='lat' dir='ltr'>dico</span> <span class='ocrx_word' id='word_1_71' title='bbox 587 1170 823 1219; x_wconf 83' lang='lat' dir='ltr'>singulorum</span> <span class='ocrx_word' id='word_1_72' title='bbox 856 1170 1043 1209; x_wconf 88' lang='lat' dir='ltr'>librorum</span> <span class='ocrx_word' id='word_1_73' title='bbox 1071 1172 1243 1214; x_wconf 87' lang='lat' dir='ltr'>metrica,</span> <span class='ocrx_word' id='word_1_74' title='bbox 1276 1172 1550 1222; x_wconf 81' lang='lat' dir='ltr'>epigraminata</span> <span class='ocrx_word' id='word_1_75' title='bbox 1571 1171 1617 1209; x_wconf 87' lang='lat' dir='ltr'>ad</span> <span class='ocrx_word' id='word_1_76' title='bbox 1648 1170 1798 1210; x_wconf 88' lang='lat' dir='ltr'>laudem</span> 
     </span>
     <span class='ocr_line' id='line_1_12' title="bbox 311 1234 1795 1287; baseline 0.002 -15"><span class='ocrx_word' id='word_1_77' title='bbox 311 1234 412 1273; x_wconf 88' lang='lat' dir='ltr'>illius</span> <span class='ocrx_word' id='word_1_78' title='bbox 442 1248 460 1273; x_wconf 87' lang='lat' dir='ltr'>a</span> <span class='ocrx_word' id='word_1_79' title='bbox 492 1237 607 1274; x_wconf 88' lang='lat' dir='ltr'>variis</span> <span class='ocrx_word' id='word_1_80' title='bbox 636 1236 858 1275; x_wconf 88' lang='lat' dir='ltr'>auctoribus</span> <span class='ocrx_word' id='word_1_81' title='bbox 889 1238 1117 1286; x_wconf 88' lang='lat' dir='ltr'>composita,</span> <span class='ocrx_word' id='word_1_82' title='bbox 1150 1237 1362 1287; x_wconf 85' lang='lat' dir='ltr'>epitaphia,</span> <span class='ocrx_word' id='word_1_83' title='bbox 1395 1243 1598 1281; x_wconf 76' lang='lat' dir='ltr'>centones,</span> <span class='ocrx_word' id='word_1_84' title='bbox 1630 1238 1668 1275; x_wconf 89' lang='lat' dir='ltr'>in</span> <span class='ocrx_word' id='word_1_85' title='bbox 1698 1237 1795 1276; x_wconf 87' lang='lat' dir='ltr'>Mae-</span> 
     </span>
     <span class='ocr_line' id='line_1_13' title="bbox 314 1302 1799 1353; baseline 0.001 -14"><span class='ocrx_word' id='word_1_86' title='bbox 314 1302 457 1340; x_wconf 85' lang='lat' dir='ltr'>cenatis</span> <span class='ocrx_word' id='word_1_87' title='bbox 495 1308 658 1340; x_wconf 87' lang='lat' dir='ltr'>mortem</span> <span class='ocrx_word' id='word_1_88' title='bbox 697 1302 806 1352; x_wconf 85' lang='lat' dir='ltr'>elegi.</span> <span class='ocrx_word' id='word_1_89' title='bbox 866 1302 1006 1340; x_wconf 88' lang='lat' dir='ltr'>deinde</span> <span class='ocrx_word' id='word_1_90' title='bbox 1040 1302 1249 1352; x_wconf 88' lang='lat' dir='ltr'>singularis</span> <span class='ocrx_word' id='word_1_91' title='bbox 1279 1303 1480 1353; x_wconf 82' lang='lat' dir='ltr'>probitatis</span> <span class='ocrx_word' id='word_1_92' title='bbox 1511 1308 1548 1341; x_wconf 91' lang='lat' dir='ltr'>et</span> <span class='ocrx_word' id='word_1_93' title='bbox 1577 1303 1799 1342; x_wconf 79' lang='lat' dir='ltr'>reconditae</span> 
     </span>
     <span class='ocr_line' id='line_1_14' title="bbox 314 1367 1799 1419; baseline 0.002 -15"><span class='ocrx_word' id='word_1_94' title='bbox 314 1367 511 1406; x_wconf 89' lang='lat' dir='ltr'>doctrinae</span> <span class='ocrx_word' id='word_1_95' title='bbox 549 1380 622 1418; x_wconf 89' lang='lat' dir='ltr'>qua</span> <span class='ocrx_word' id='word_1_96' title='bbox 655 1367 882 1407; x_wconf 85' lang='lat' dir='ltr'>excelluerit</span> <span class='ocrx_word' id='word_1_97' title='bbox 918 1369 1017 1407; x_wconf 84' lang='lat' dir='ltr'>fama</span> <span class='ocrx_word' id='word_1_98' title='bbox 1047 1381 1116 1419; x_wconf 87' lang='lat' dir='ltr'>per</span> <span class='ocrx_word' id='word_1_99' title='bbox 1147 1368 1269 1408; x_wconf 87' lang='lat' dir='ltr'>ultimi</span> <span class='ocrx_word' id='word_1_100' title='bbox 1299 1370 1380 1408; x_wconf 86' lang='lat' dir='ltr'>aevi</span> <span class='ocrx_word' id='word_1_101' title='bbox 1410 1369 1559 1408; x_wconf 88' lang='lat' dir='ltr'>saecula</span> <span class='ocrx_word' id='word_1_102' title='bbox 1591 1370 1729 1407; x_wconf 89' lang='lat' dir='ltr'>mirum</span> <span class='ocrx_word' id='word_1_103' title='bbox 1760 1370 1799 1407; x_wconf 92' lang='lat' dir='ltr'>in</span> 
     </span>
     <span class='ocr_line' id='line_1_15' title="bbox 314 1433 1799 1486; baseline 0.002 -15"><span class='ocrx_word' id='word_1_104' title='bbox 314 1433 468 1472; x_wconf 88' lang='lat' dir='ltr'>modum</span> <span class='ocrx_word' id='word_1_105' title='bbox 500 1434 658 1472; x_wconf 87' lang='lat' dir='ltr'>adaucta</span> <span class='ocrx_word' id='word_1_106' title='bbox 687 1433 1006 1473; x_wconf 84' lang='lat' dir='ltr'>scholasticorum</span> <span class='ocrx_word' id='word_1_107' title='bbox 1038 1435 1214 1473; x_wconf 82' lang='lat' dir='ltr'>versiculi</span> <span class='ocrx_word' id='word_1_108' title='bbox 1244 1435 1399 1485; x_wconf 91' lang='lat' dir='ltr'>plurimi</span> <span class='ocrx_word' id='word_1_109' title='bbox 1428 1437 1538 1486; x_wconf 88' lang='lat' dir='ltr'>quasi</span> <span class='ocrx_word' id='word_1_110' title='bbox 1567 1436 1605 1473; x_wconf 92' lang='lat' dir='ltr'>in</span> <span class='ocrx_word' id='word_1_111' title='bbox 1629 1448 1799 1474; x_wconf 89' lang='lat' dir='ltr'>commu-</span> 
     </span>
     <span class='ocr_line' id='line_1_16' title="bbox 314 1499 1799 1552; baseline 0.002 -15"><span class='ocrx_word' id='word_1_112' title='bbox 314 1511 401 1537; x_wconf 86' lang='lat' dir='ltr'>nem</span> <span class='ocrx_word' id='word_1_113' title='bbox 432 1500 643 1550; x_wconf 85' lang='lat' dir='ltr'>sapientiae</span> <span class='ocrx_word' id='word_1_114' title='bbox 674 1504 711 1537; x_wconf 88' lang='lat' dir='ltr'>et</span> <span class='ocrx_word' id='word_1_115' title='bbox 741 1501 835 1538; x_wconf 86' lang='lat' dir='ltr'>artis</span> <span class='ocrx_word' id='word_1_116' title='bbox 871 1499 1094 1538; x_wconf 86' lang='lat' dir='ltr'>thesaurum</span> <span class='ocrx_word' id='word_1_117' title='bbox 1125 1501 1163 1539; x_wconf 93' lang='lat' dir='ltr'>in</span> <span class='ocrx_word' id='word_1_118' title='bbox 1194 1501 1502 1550; x_wconf 84' lang='lat' dir='ltr'>Vergilianorum</span> <span class='ocrx_word' id='word_1_119' title='bbox 1534 1514 1694 1551; x_wconf 88' lang='lat' dir='ltr'>operum</span> <span class='ocrx_word' id='word_1_120' title='bbox 1726 1501 1799 1552; x_wconf 63' lang='lat' dir='ltr'>syl-</span> 
     </span>
     <span class='ocr_line' id='line_1_17' title="bbox 312 1565 1800 1618; baseline 0.002 -16"><span class='ocrx_word' id='word_1_121' title='bbox 312 1565 423 1615; x_wconf 83' lang='lat' dir='ltr'>logen</span> <span class='ocrx_word' id='word_1_122' title='bbox 469 1567 617 1616; x_wconf 85' lang='lat' dir='ltr'>recepti</span> <span class='ocrx_word' id='word_1_123' title='bbox 653 1571 755 1604; x_wconf 91' lang='lat' dir='ltr'>sunt.</span> <span class='ocrx_word' id='word_1_124' title='bbox 814 1567 921 1604; x_wconf 84' lang='lat' dir='ltr'>cuius</span> <span class='ocrx_word' id='word_1_125' title='bbox 958 1566 1225 1617; x_wconf 88' lang='lat' dir='ltr'>plenissimum</span> <span class='ocrx_word' id='word_1_126' title='bbox 1267 1572 1449 1616; x_wconf 88' lang='lat' dir='ltr'>quantum</span> <span class='ocrx_word' id='word_1_127' title='bbox 1488 1568 1568 1606; x_wconf 88' lang='lat' dir='ltr'>scio</span> <span class='ocrx_word' id='word_1_128' title='bbox 1606 1567 1800 1618; x_wconf 87' lang='lat' dir='ltr'>exemplar</span> 
     </span>
     <span class='ocr_line' id='line_1_18' title="bbox 314 1631 888 1671; baseline 0.002 -1"><span class='ocrx_word' id='word_1_129' title='bbox 314 1638 372 1670; x_wconf 87' lang='lat' dir='ltr'>est</span> <span class='ocrx_word' id='word_1_130' title='bbox 401 1631 522 1670; x_wconf 80' lang='lat' dir='ltr'>codex</span> <span class='ocrx_word' id='word_1_131' title='bbox 552 1634 888 1671; x_wconf 80' lang='lat' dir='ltr'>Helmstadiensis.</span> 
     </span>
    </p>

    <p class='ocr_par' dir='ltr' id='par_1_5' title="bbox 301 1698 1802 2208">
     <span class='ocr_line' id='line_1_19' title="bbox 424 1698 1800 1750; baseline 0.001 -14"><span class='ocrx_word' id='word_1_132' title='bbox 424 1698 498 1736; x_wconf 87' lang='lat' dir='ltr'>Sed</span> <span class='ocrx_word' id='word_1_133' title='bbox 530 1699 568 1736; x_wconf 92' lang='lat' dir='ltr'>in</span> <span class='ocrx_word' id='word_1_134' title='bbox 599 1698 687 1736; x_wconf 86' lang='lat' dir='ltr'>bina</span> <span class='ocrx_word' id='word_1_135' title='bbox 717 1698 908 1736; x_wconf 85' lang='lat' dir='ltr'>volumina</span> <span class='ocrx_word' id='word_1_136' title='bbox 939 1699 1107 1737; x_wconf 86' lang='lat' dir='ltr'>anticum</span> <span class='ocrx_word' id='word_1_137' title='bbox 1138 1698 1230 1736; x_wconf 87' lang='lat' dir='ltr'>illud</span> <span class='ocrx_word' id='word_1_138' title='bbox 1263 1710 1421 1750; x_wconf 85' lang='lat' dir='ltr'>corpus,</span> <span class='ocrx_word' id='word_1_139' title='bbox 1461 1700 1647 1738; x_wconf 86' lang='lat' dir='ltr'>Prisciani</span> <span class='ocrx_word' id='word_1_140' title='bbox 1677 1703 1800 1738; x_wconf 86' lang='lat' dir='ltr'>aetate</span> 
     </span>
     <span class='ocr_line' id='line_1_20' title="bbox 301 1763 1800 1814; baseline 0 -12"><span class='ocrx_word' id='word_1_141' title='bbox 301 1765 526 1807; x_wconf 62' lang='lat' dir='ltr'>¹recentius,</span> <span class='ocrx_word' id='word_1_142' title='bbox 560 1764 711 1802; x_wconf 89' lang='lat' dir='ltr'>videtur</span> <span class='ocrx_word' id='word_1_143' title='bbox 741 1763 901 1802; x_wconf 90' lang='lat' dir='ltr'>divisum</span> <span class='ocrx_word' id='word_1_144' title='bbox 933 1764 1068 1807; x_wconf 78' lang='lat' dir='ltr'>fuisse,</span> <span class='ocrx_word' id='word_1_145' title='bbox 1102 1775 1178 1813; x_wconf 90' lang='lat' dir='ltr'>quo</span> <span class='ocrx_word' id='word_1_146' title='bbox 1208 1765 1350 1803; x_wconf 74' lang='lat' dir='ltr'>factum</span> <span class='ocrx_word' id='word_1_147' title='bbox 1382 1769 1460 1809; x_wconf 82' lang='lat' dir='ltr'>est,</span> <span class='ocrx_word' id='word_1_148' title='bbox 1492 1769 1532 1803; x_wconf 87' lang='lat' dir='ltr'>ut</span> <span class='ocrx_word' id='word_1_149' title='bbox 1562 1776 1658 1814; x_wconf 89' lang='lat' dir='ltr'>quae</span> <span class='ocrx_word' id='word_1_150' title='bbox 1689 1765 1800 1803; x_wconf 88' lang='lat' dir='ltr'>nobis</span> 
     </span>
     <span class='ocr_line' id='line_1_21' title="bbox 312 1829 1799 1880; baseline 0.001 -12"><span class='ocrx_word' id='word_1_151' title='bbox 312 1830 449 1869; x_wconf 85' lang='lat' dir='ltr'>tradita</span> <span class='ocrx_word' id='word_1_152' title='bbox 479 1834 568 1868; x_wconf 89' lang='lat' dir='ltr'>sunt</span> <span class='ocrx_word' id='word_1_153' title='bbox 597 1829 830 1880; x_wconf 86' lang='lat' dir='ltr'>exemplaria</span> <span class='ocrx_word' id='word_1_154' title='bbox 860 1830 899 1867; x_wconf 90' lang='lat' dir='ltr'>in</span> <span class='ocrx_word' id='word_1_155' title='bbox 930 1829 1023 1868; x_wconf 92' lang='lat' dir='ltr'>duas</span> <span class='ocrx_word' id='word_1_156' title='bbox 1053 1831 1162 1879; x_wconf 84' lang='lat' dir='ltr'>quasi</span> <span class='ocrx_word' id='word_1_157' title='bbox 1192 1830 1355 1868; x_wconf 83' lang='lat' dir='ltr'>familias</span> <span class='ocrx_word' id='word_1_158' title='bbox 1385 1830 1604 1873; x_wconf 86' lang='lat' dir='ltr'>discedant,</span> <span class='ocrx_word' id='word_1_159' title='bbox 1637 1842 1799 1880; x_wconf 86' lang='lat' dir='ltr'>quarum</span> 
     </span>
     <span class='ocr_line' id='line_1_22' title="bbox 312 1895 1799 1947; baseline 0 -13"><span class='ocrx_word' id='word_1_160' title='bbox 312 1896 420 1934; x_wconf 84' lang='lat' dir='ltr'>alteri</span> <span class='ocrx_word' id='word_1_161' title='bbox 452 1897 576 1935; x_wconf 83' lang='lat' dir='ltr'>Aetna</span> <span class='ocrx_word' id='word_1_162' title='bbox 606 1898 701 1935; x_wconf 82' lang='lat' dir='ltr'>ciris</span> <span class='ocrx_word' id='word_1_163' title='bbox 729 1898 924 1934; x_wconf 82' lang='lat' dir='ltr'>catalecta</span> <span class='ocrx_word' id='word_1_164' title='bbox 953 1900 1109 1945; x_wconf 88' lang='lat' dir='ltr'>praeter</span> <span class='ocrx_word' id='word_1_165' title='bbox 1139 1895 1211 1933; x_wconf 88' lang='lat' dir='ltr'>alia</span> <span class='ocrx_word' id='word_1_166' title='bbox 1242 1896 1428 1944; x_wconf 86' lang='lat' dir='ltr'>quaedam</span> <span class='ocrx_word' id='word_1_167' title='bbox 1460 1898 1638 1947; x_wconf 84' lang='lat' dir='ltr'>propria,</span> <span class='ocrx_word' id='word_1_168' title='bbox 1681 1896 1799 1935; x_wconf 87' lang='lat' dir='ltr'>altera</span> 
     </span>
     <span class='ocr_line' id='line_1_23' title="bbox 312 1961 1802 2010; baseline -0.001 -9"><span class='ocrx_word' id='word_1_169' title='bbox 312 1964 431 2001; x_wconf 71' lang='lat' dir='ltr'>culex</span> <span class='ocrx_word' id='word_1_170' title='bbox 461 1964 575 2000; x_wconf 79' lang='lat' dir='ltr'>dirae</span> <span class='ocrx_word' id='word_1_171' title='bbox 603 1973 705 2010; x_wconf 80' lang='lat' dir='ltr'>eopa</span> <span class='ocrx_word' id='word_1_172' title='bbox 742 1966 929 2000; x_wconf 85' lang='lat' dir='ltr'>moretum</span> <span class='ocrx_word' id='word_1_173' title='bbox 960 1973 1045 1999; x_wconf 89' lang='lat' dir='ltr'>cum</span> <span class='ocrx_word' id='word_1_174' title='bbox 1077 1961 1201 1999; x_wconf 89' lang='lat' dir='ltr'>tribus</span> <span class='ocrx_word' id='word_1_175' title='bbox 1231 1961 1314 2000; x_wconf 89' lang='lat' dir='ltr'>aliis</span> <span class='ocrx_word' id='word_1_176' title='bbox 1346 1961 1602 2006; x_wconf 87' lang='lat' dir='ltr'>carminibus,</span> <span class='ocrx_word' id='word_1_177' title='bbox 1641 1961 1720 2000; x_wconf 86' lang='lat' dir='ltr'>scil.</span> <span class='ocrx_word' id='word_1_178' title='bbox 1754 1964 1802 2000; x_wconf 79' lang='lat' dir='ltr'>de</span> 
     </span>
     <span class='ocr_line' id='line_1_24' title="bbox 313 2029 1799 2077; baseline -0.001 -10"><span class='ocrx_word' id='word_1_179' title='bbox 313 2031 398 2067; x_wconf 89' lang='lat' dir='ltr'>viro</span> <span class='ocrx_word' id='word_1_180' title='bbox 427 2030 525 2067; x_wconf 83' lang='lat' dir='ltr'>bono</span> <span class='ocrx_word' id='word_1_181' title='bbox 554 2033 590 2066; x_wconf 89' lang='lat' dir='ltr'>et</span> <span class='ocrx_word' id='word_1_182' title='bbox 616 2029 825 2077; x_wconf 79' lang='lat' dir='ltr'>prudente,</span> <span class='ocrx_word' id='word_1_183' title='bbox 859 2029 908 2066; x_wconf 83' lang='lat' dir='ltr'>de</span> <span class='ocrx_word' id='word_1_184' title='bbox 937 2032 993 2066; x_wconf 80' lang='lat' dir='ltr'>est</span> <span class='ocrx_word' id='word_1_185' title='bbox 1022 2032 1059 2065; x_wconf 87' lang='lat' dir='ltr'>et</span> <span class='ocrx_word' id='word_1_186' title='bbox 1087 2039 1166 2066; x_wconf 91' lang='lat' dir='ltr'>non</span> <span class='ocrx_word' id='word_1_187' title='bbox 1195 2029 1484 2077; x_wconf 75' lang='lat' dir='ltr'>monosyllabis,</span> <span class='ocrx_word' id='word_1_188' title='bbox 1518 2029 1567 2066; x_wconf 82' lang='lat' dir='ltr'>de</span> <span class='ocrx_word' id='word_1_189' title='bbox 1595 2029 1694 2066; x_wconf 82' lang='lat' dir='ltr'>rosis</span> <span class='ocrx_word' id='word_1_190' title='bbox 1713 2039 1799 2066; x_wconf 82' lang='lat' dir='ltr'>nas-</span> 
     </span>
     <span class='ocr_line' id='line_1_25' title="bbox 312 2093 1801 2144; baseline -0.002 -11"><span class='ocrx_word' id='word_1_191' title='bbox 312 2096 487 2133; x_wconf 75' lang='lat' dir='ltr'>centibus</span> <span class='ocrx_word' id='word_1_192' title='bbox 515 2100 552 2133; x_wconf 88' lang='lat' dir='ltr'>et</span> <span class='ocrx_word' id='word_1_193' title='bbox 579 2096 863 2133; x_wconf 75' lang='lat' dir='ltr'>senescentibus</span> <span class='ocrx_word' id='word_1_194' title='bbox 892 2097 1040 2132; x_wconf 85' lang='lat' dir='ltr'>servata</span> <span class='ocrx_word' id='word_1_195' title='bbox 1069 2097 1168 2131; x_wconf 87' lang='lat' dir='ltr'>sunt.</span> <span class='ocrx_word' id='word_1_196' title='bbox 1230 2093 1324 2132; x_wconf 87' lang='lat' dir='ltr'>baec</span> <span class='ocrx_word' id='word_1_197' title='bbox 1353 2098 1480 2132; x_wconf 88' lang='lat' dir='ltr'>autem</span> <span class='ocrx_word' id='word_1_198' title='bbox 1510 2098 1658 2144; x_wconf 85' lang='lat' dir='ltr'>septem</span> <span class='ocrx_word' id='word_1_199' title='bbox 1687 2095 1726 2132; x_wconf 90' lang='lat' dir='ltr'>in</span> <span class='ocrx_word' id='word_1_200' title='bbox 1747 2095 1801 2132; x_wconf 87' lang='lat' dir='ltr'>eis</span> 
     </span>
     <span class='ocr_line' id='line_1_26' title="bbox 315 2156 1799 2208; baseline -0.003 -7"><span class='ocrx_word' id='word_1_201' title='bbox 315 2161 524 2204; x_wconf 85' lang='lat' dir='ltr'>codicibus,</span> <span class='ocrx_word' id='word_1_202' title='bbox 558 2160 623 2199; x_wconf 88' lang='lat' dir='ltr'>ubi</span> <span class='ocrx_word' id='word_1_203' title='bbox 654 2160 734 2199; x_wconf 90' lang='lat' dir='ltr'>sola</span> <span class='ocrx_word' id='word_1_204' title='bbox 768 2164 909 2203; x_wconf 82' lang='lat' dir='ltr'>extant,</span> <span class='ocrx_word' id='word_1_205' title='bbox 942 2160 1137 2198; x_wconf 91' lang='lat' dir='ltr'>communi</span> <span class='ocrx_word' id='word_1_206' title='bbox 1169 2157 1278 2196; x_wconf 91' lang='lat' dir='ltr'>titulo</span> <span class='ocrx_word' id='word_1_207' title='bbox 1300 2160 1483 2208; x_wconf 87' lang='lat' dir='ltr'>inscripta</span> <span class='ocrx_word' id='word_1_208' title='bbox 1506 2156 1688 2208; x_wconf 81' lang='lat' dir='ltr'>leguntur</span> <span class='ocrx_word' id='word_1_209' title='bbox 1709 2159 1799 2198; x_wconf 89' lang='lat' dir='ltr'>hoc:</span> 
     </span>
    </p>
   </div>
   <div class='ocr_carea' id='block_1_5' title="bbox 607 2235 1494 2276">
    <p class='ocr_par' dir='ltr' id='par_1_6' title="bbox 607 2235 1494 2276">
     <span class='ocr_line' id='line_1_27' title="bbox 607 2235 1494 2276; baseline -0.002 0"><span class='ocrx_word' id='word_1_210' title='bbox 607 2237 807 2276; x_wconf 86' lang='lat' dir='ltr'>VIRGILII</span> <span class='ocrx_word' id='word_1_211' title='bbox 836 2235 1090 2275; x_wconf 87' lang='lat' dir='ltr'>IVVENALIS</span> <span class='ocrx_word' id='word_1_212' title='bbox 1119 2235 1232 2274; x_wconf 89' lang='lat' dir='ltr'>LVDI</span> <span class='ocrx_word' id='word_1_213' title='bbox 1261 2235 1494 2274; x_wconf 87' lang='lat' dir='ltr'><strong>LIBELLVS</strong></span> 
     </span>
    </p>
   </div>
   <div class='ocr_carea' id='block_1_6' title="bbox 314 2312 1845 2831">
    <p class='ocr_par' dir='ltr' id='par_1_7' title="bbox 314 2312 1845 2831">
     <span class='ocr_line' id='line_1_28' title="bbox 314 2312 1799 2370; baseline -0.001 -17"><span class='ocrx_word' id='word_1_214' title='bbox 314 2315 372 2353; x_wconf 92' lang='lat' dir='ltr'>vel</span> <span class='ocrx_word' id='word_1_215' title='bbox 409 2315 536 2353; x_wconf 88' lang='lat' dir='ltr'>simili.</span> <span class='ocrx_word' id='word_1_216' title='bbox 596 2315 705 2353; x_wconf 89' lang='lat' dir='ltr'>cuius</span> <span class='ocrx_word' id='word_1_217' title='bbox 742 2314 896 2363; x_wconf 86' lang='lat' dir='ltr'>generis</span> <span class='ocrx_word' id='word_1_218' title='bbox 933 2312 1086 2351; x_wconf 78' lang='lat' dir='ltr'>codices</span> <span class='ocrx_word' id='word_1_219' title='bbox 1124 2313 1211 2350; x_wconf 90' lang='lat' dir='ltr'>novi</span> <span class='ocrx_word' id='word_1_220' title='bbox 1248 2312 1319 2370; x_wconf 84' lang='lat' dir='ltr'>hos</span> <span class='ocrx_word' id='word_1_221' title='bbox 1356 2314 1605 2363; x_wconf 87' lang='lat' dir='ltr'>praesertim:</span> <span class='ocrx_word' id='word_1_222' title='bbox 1650 2312 1799 2352; x_wconf 86' lang='lat' dir='ltr'>Bembi-</span> 
     </span>
     <span class='ocr_line' id='line_1_29' title="bbox 315 2378 1800 2429; baseline -0.003 -8"><span class='ocrx_word' id='word_1_223' title='bbox 315 2394 419 2429; x_wconf 88' lang='lat' dir='ltr'>num,</span> <span class='ocrx_word' id='word_1_224' title='bbox 456 2382 695 2428; x_wconf 77' lang='lat' dir='ltr'>Tbuaneum,</span> <span class='ocrx_word' id='word_1_225' title='bbox 729 2382 997 2426; x_wconf 87' lang='lat' dir='ltr'>Petavianum,</span> <span class='ocrx_word' id='word_1_226' title='bbox 1029 2381 1238 2418; x_wconf 76' lang='lat' dir='ltr'>Vossianos</span> <span class='ocrx_word' id='word_1_227' title='bbox 1265 2380 1298 2416; x_wconf 89' lang='lat' dir='ltr'><em>V</em></span> <span class='ocrx_word' id='word_1_228' title='bbox 1321 2383 1358 2417; x_wconf 88' lang='lat' dir='ltr'>et</span> <span class='ocrx_word' id='word_1_229' title='bbox 1384 2381 1411 2418; x_wconf 85' lang='lat' dir='ltr'>l.</span> <span class='ocrx_word' id='word_1_230' title='bbox 1436 2378 1593 2418; x_wconf 87' lang='lat' dir='ltr'>alterius</span> <span class='ocrx_word' id='word_1_231' title='bbox 1624 2379 1800 2423; x_wconf 76' lang='lat' dir='ltr'>familiae,</span> 
     </span>
     <span class='ocr_line' id='line_1_30' title="bbox 316 2445 1845 2496; baseline -0.003 -9"><span class='ocrx_word' id='word_1_232' title='bbox 316 2449 422 2487; x_wconf 88' lang='lat' dir='ltr'>cuius</span> <span class='ocrx_word' id='word_1_233' title='bbox 459 2448 579 2486; x_wconf 85' lang='lat' dir='ltr'>Aetna</span> <span class='ocrx_word' id='word_1_234' title='bbox 618 2448 707 2486; x_wconf 89' lang='lat' dir='ltr'>ciris</span> <span class='ocrx_word' id='word_1_235' title='bbox 747 2445 928 2485; x_wconf 81' lang='lat' dir='ltr'>catalecta</span> <span class='ocrx_word' id='word_1_236' title='bbox 965 2457 1052 2484; x_wconf 88' lang='lat' dir='ltr'>cum</span> <span class='ocrx_word' id='word_1_237' title='bbox 1084 2445 1167 2483; x_wconf 91' lang='lat' dir='ltr'>aliis</span> <span class='ocrx_word' id='word_1_238' title='bbox 1197 2446 1483 2495; x_wconf 85' lang='lat' dir='ltr'>epigrammatis</span> <span class='ocrx_word' id='word_1_239' title='bbox 1513 2446 1669 2496; x_wconf 90' lang='lat' dir='ltr'>propria</span> <span class='ocrx_word' id='word_1_240' title='bbox 1700 2451 1799 2488; x_wconf 88' lang='lat' dir='ltr'>sunt,</span> <span class='ocrx_word' id='word_1_241' title='bbox 1843 2475 1845 2478; x_wconf 32' lang='lat' dir='ltr'>s</span> 
     </span>
     <span class='ocr_line' id='line_1_31' title="bbox 316 2509 1800 2563; baseline -0.003 -10"><span class='ocrx_word' id='word_1_242' title='bbox 316 2515 553 2553; x_wconf 90' lang='lat' dir='ltr'>uberrimum</span> <span class='ocrx_word' id='word_1_243' title='bbox 576 2512 773 2563; x_wconf 87' lang='lat' dir='ltr'>exemplar</span> <span class='ocrx_word' id='word_1_244' title='bbox 797 2517 854 2550; x_wconf 87' lang='lat' dir='ltr'>est</span> <span class='ocrx_word' id='word_1_245' title='bbox 874 2513 1191 2560; x_wconf 68' lang='lat' dir='ltr'>Relzaiqeranus.</span> <span class='ocrx_word' id='word_1_246' title='bbox 1250 2512 1290 2550; x_wconf 92' lang='lat' dir='ltr'>in</span> <span class='ocrx_word' id='word_1_247' title='bbox 1311 2509 1395 2550; x_wconf 89' lang='lat' dir='ltr'>aliis</span> <span class='ocrx_word' id='word_1_248' title='bbox 1416 2511 1672 2550; x_wconf 88' lang='lat' dir='ltr'>miscellaneis</span> <span class='ocrx_word' id='word_1_249' title='bbox 1693 2510 1800 2549; x_wconf 87' lang='lat' dir='ltr'>libris</span> 
     </span>
     <span class='ocr_line' id='line_1_32' title="bbox 317 2575 1799 2630; baseline -0.003 -12"><span class='ocrx_word' id='word_1_250' title='bbox 317 2593 362 2618; x_wconf 85' lang='lat' dir='ltr'>ex</span> <span class='ocrx_word' id='word_1_251' title='bbox 399 2585 563 2630; x_wconf 88' lang='lat' dir='ltr'>utroque</span> <span class='ocrx_word' id='word_1_252' title='bbox 594 2578 787 2617; x_wconf 89' lang='lat' dir='ltr'>volumine</span> <span class='ocrx_word' id='word_1_253' title='bbox 826 2579 1001 2628; x_wconf 84' lang='lat' dir='ltr'>corporis</span> <span class='ocrx_word' id='word_1_254' title='bbox 1038 2577 1185 2616; x_wconf 83' lang='lat' dir='ltr'>delecta</span> <span class='ocrx_word' id='word_1_255' title='bbox 1224 2577 1337 2615; x_wconf 90' lang='lat' dir='ltr'>modo</span> <span class='ocrx_word' id='word_1_256' title='bbox 1376 2577 1470 2616; x_wconf 88' lang='lat' dir='ltr'>haec</span> <span class='ocrx_word' id='word_1_257' title='bbox 1505 2577 1618 2615; x_wconf 89' lang='lat' dir='ltr'>modo</span> <span class='ocrx_word' id='word_1_258' title='bbox 1647 2575 1723 2621; x_wconf 81' lang='lat' dir='ltr'>illa,</span> <span class='ocrx_word' id='word_1_259' title='bbox 1755 2589 1799 2614; x_wconf 88' lang='lat' dir='ltr'>ex</span> 
     </span>
     <span class='ocr_line' id='line_1_33' title="bbox 317 2642 1801 2698; baseline -0.003 -13"><span class='ocrx_word' id='word_1_260' title='bbox 317 2646 456 2698; x_wconf 88' lang='lat' dir='ltr'>quibus</span> <span class='ocrx_word' id='word_1_261' title='bbox 491 2645 685 2697; x_wconf 80' lang='lat' dir='ltr'>pleniores</span> <span class='ocrx_word' id='word_1_262' title='bbox 723 2647 935 2685; x_wconf 83' lang='lat' dir='ltr'>Vossianus</span> <span class='ocrx_word' id='word_1_263' title='bbox 972 2645 1007 2683; x_wconf 93' lang='lat' dir='ltr'><em>Z</em></span> <span class='ocrx_word' id='word_1_264' title='bbox 1036 2649 1072 2682; x_wconf 90' lang='lat' dir='ltr'>et</span> <span class='ocrx_word' id='word_1_265' title='bbox 1101 2644 1344 2682; x_wconf 84' lang='lat' dir='ltr'>Harleianus</span> <span class='ocrx_word' id='word_1_266' title='bbox 1374 2655 1419 2681; x_wconf 86' lang='lat' dir='ltr'>ex</span> <span class='ocrx_word' id='word_1_267' title='bbox 1449 2643 1580 2694; x_wconf 88' lang='lat' dir='ltr'>priore</span> <span class='ocrx_word' id='word_1_268' title='bbox 1612 2642 1801 2681; x_wconf 87' lang='lat' dir='ltr'>volumine</span> 
     </span>
     <span class='ocr_line' id='line_1_34' title="bbox 316 2709 1801 2765; baseline -0.002 -15"><span class='ocrx_word' id='word_1_269' title='bbox 316 2713 500 2765; x_wconf 88' lang='lat' dir='ltr'>pleraque</span> <span class='ocrx_word' id='word_1_270' title='bbox 530 2712 756 2762; x_wconf 86' lang='lat' dir='ltr'>deprompta</span> <span class='ocrx_word' id='word_1_271' title='bbox 787 2710 948 2754; x_wconf 84' lang='lat' dir='ltr'>habent,</span> <span class='ocrx_word' id='word_1_272' title='bbox 986 2723 1029 2748; x_wconf 85' lang='lat' dir='ltr'>ex</span> <span class='ocrx_word' id='word_1_273' title='bbox 1062 2709 1181 2748; x_wconf 88' lang='lat' dir='ltr'>altero</span> <span class='ocrx_word' id='word_1_274' title='bbox 1212 2709 1398 2759; x_wconf 88' lang='lat' dir='ltr'>quaedam</span> <span class='ocrx_word' id='word_1_275' title='bbox 1430 2711 1722 2757; x_wconf 78' lang='lat' dir='ltr'>Bruxellensis,</span> <span class='ocrx_word' id='word_1_276' title='bbox 1756 2721 1801 2747; x_wconf 85' lang='lat' dir='ltr'>ex</span> 
     </span>
     <span class='ocr_line' id='line_1_35' title="bbox 316 2774 1799 2831; baseline -0.003 -13"><span class='ocrx_word' id='word_1_277' title='bbox 316 2785 482 2831; x_wconf 88' lang='lat' dir='ltr'>utroque</span> <span class='ocrx_word' id='word_1_278' title='bbox 503 2777 649 2829; x_wconf 85' lang='lat' dir='ltr'>singula</span> <span class='ocrx_word' id='word_1_279' title='bbox 674 2779 1019 2826; x_wconf 73' lang='lat' dir='ltr'>Cantabriqiensis.</span> <span class='ocrx_word' id='word_1_280' title='bbox 1070 2777 1143 2814; x_wconf 86' lang='lat' dir='ltr'>iam</span> <span class='ocrx_word' id='word_1_281' title='bbox 1166 2775 1306 2826; x_wconf 85' lang='lat' dir='ltr'>singuli</span> <span class='ocrx_word' id='word_1_282' title='bbox 1327 2774 1415 2814; x_wconf 88' lang='lat' dir='ltr'>libri</span> <span class='ocrx_word' id='word_1_283' title='bbox 1436 2774 1679 2814; x_wconf 86' lang='lat' dir='ltr'>describendi</span> <span class='ocrx_word' id='word_1_284' title='bbox 1700 2781 1799 2814; x_wconf 88' lang='lat' dir='ltr'>sunt.</span> 
     </span>
    </p>
   </div>
  </div>
 </body>
</html>
