1884 3126
309 195 362 236 88
971 198 1124 242 cunm.

419 318 642 358 fulminibus
674 319 790 359 veluti
820 320 948 371 fragor
978 327 1062 361 atro
1093 328 1130 361 et
1159 323 1313 362 turbine
1343 325 1461 370 uisus,

418 390 572 440 ignibus
601 390 664 429 hic
695 391 856 442 telisque
887 405 1001 444 asper
1031 395 1064 432 si
1096 393 1300 446 [classibus
1330 395 1471 449 Argos]

420 463 589 512 eriperet
617 463 786 508 reditus,
819 464 915 503 alter
945 464 1124 513 Volcania
1155 467 1259 504 ferro
1715 472 1795 509 320

418 533 575 573 volnera
603 539 803 585 protectus
833 536 1030 587 depellere
1059 537 1219 577 navibus
1249 539 1377 578 instat.

417 604 488 644 hos
519 605 628 644 sedet
655 607 840 646 Aeacides
869 607 974 647 voltu
1003 608 1165 648 laetatus
1195 609 1375 655 honores,

417 676 709 728 Dardaniaeque
739 678 836 717 alter
865 680 950 718 fuso
981 680 1082 730 quod
1113 682 1301 732 sanguine
1331 684 1476 734 campis

416 747 606 787 Hectoreo
637 750 759 788 victor
789 750 963 790 lustravit
993 738 1158 803 corpore
1188 753 1358 792 Troiam.

415 831 551 858 rursus
580 821 719 860 acerba
749 822 936 868 fremunt,
967 823 1075 863 Paris
1104 824 1208 863 hunc
1238 825 1337 876 quod
1370 825 1460 865 letat
1490 831 1528 865 et
1557 826 1674 867 huius
1713 829 1792 868 325

417 890 516 929 alma
546 890 644 930 dolis
674 892 793 932 Ithaci
822 895 941 933 virtus
971 895 1073 946 quod
1105 896 1274 935 concidit
1301 898 1388 936 icta.

416 962 506 1001 huic
532 963 635 1013 ‘gerit
664 976 818 1005 ayersos
849 965 976 1015 proles
1006 966 1158 1006 Laertia
1188 968 1311 1007 voltus

418 1039 455 1071 et
485 1035 559 1073 iam
590 1035 800 1087 Strymonii
829 1036 947 1076 Rhesi
979 1039 1176 1088 victorque
1207 1038 1374 1085 Dolonis,

389 1207 468 1244 318
498 1207 714 1244 Fulminibus
758 1210 947 1256 ΑΡΗίεα,
994 1211 1158 1248 Bembus
1206 1212 1421 1249 Fluminibus
1471 1214 1545 1261 Ψψ
1630 1217 1729 1252 uelut
1760 1219 1794 1253 B

306 1262 402 1298 caelo
433 1263 603 1312 velutiwe,
636 1265 800 1301 Bembus
877 1265 992 1314 ssagor
1020 1269 1033 1302 l
1109 1272 1186 1302 atro
1218 1273 1253 1303 et
1281 1268 1419 1304 turbine
1449 1271 1547 1305 nisus
1578 1273 1794 1308 dubitanter

306 1320 460 1354 conieci.
494 1316 633 1354 &albine
663 1320 737 1355 nise
770 1321 801 1356 V
826 1326 861 1356 et
891 1320 1028 1357 tedibus
1057 1322 1134 1357 inse
1161 1323 1203 1359 H
1230 1327 1266 1358 et
1295 1323 1417 1359 edibus
1447 1326 1522 1360 inse
1543 1327 1580 1361 F
1605 1326 1727 1362 edibus
1756 1328 1792 1362 iu

305 1383 343 1407 se
380 1372 474 1409 AYt
515 1373 656 1410 aedibus
693 1375 729 1410 in
765 1387 804 1411 se
840 1377 876 1411 B
919 1375 1062 1412 aedibus
1097 1378 1174 1413 inse
1205 1377 1303 1414 CEP
1343 1385 1447 1415 sonat
1484 1380 1616 1429 etheris
1647 1382 1682 1416 in
1712 1393 1750 1417 se
1779 1384 1791 1418 l

306 1426 421 1463 editur
457 1439 541 1464 ense
579 1438 598 1466 ε
636 1431 774 1466 intonat
810 1432 962 1467 aetheris
999 1433 1034 1467 in
1070 1443 1109 1468 se
1145 1445 1170 1467 α
1207 1433 1321 1468 editus
1358 1433 1429 1469 alto
1466 1435 1629 1471 Bembus
1676 1437 1790 1471 editus

304 1483 430 1530 ingens
467 1484 641 1532 Scaliyer
753 1485 831 1536 319
864 1498 931 1523 om.
975 1487 1005 1522 V
1093 1487 1235 1535 ignibus
1273 1489 1327 1524 hic
1365 1489 1527 1525 Bembus
1564 1491 1790 1538 Tegminibus

305 1536 378 1574 ,Ωω
455 1539 635 1586 taedisque
655 1541 835 1577 Heinsius
919 1552 1021 1589 asper
1040 1543 1232 1589 Hauptius
1260 1555 1367 1591 super
1387 1543 1459 1579 ,Ωω
1480 1544 1600 1580 furens
1620 1547 1792 1593 Heynius

388 1594 417 1628 si
447 1594 616 1630 classibus
655 1596 769 1642 Argos
799 1597 962 1633 Bembus
1001 1598 1170 1645 Sigeaque
1205 1604 1346 1645 praeter
1381 1599 1582 1643 AEKQW:
1627 1601 1680 1647 cf.
1712 1601 1789 1638 307

305 1659 484 1696 sygeaque
527 1654 668 1697 praeter
705 1651 733 1686 C
774 1652 942 1699 sigeaque
984 1650 1098 1700 {nexit
1137 1653 1172 1689 Y
1276 1653 1358 1690 Υ320
1387 1654 1568 1701 Arriperet
1603 1657 1616 1691 Z
1660 1655 1791 1703 Eripiat

304 1704 468 1740 Bembus
551 1705 709 1741 redditus
751 1707 782 1742 V
860 1703 967 1755 alter]
998 1703 1058 1742 illc
1087 1712 1126 1742 ut
1155 1708 1317 1745 Bembus
1392 1709 1550 1745 uulcania
1585 1709 1684 1746 Ψω7
1714 1711 1791 1746 uul-

303 1760 404 1806 gania
433 1761 446 1795 l
532 1759 609 1796 321
641 1760 793 1797 Vulnera
827 1760 926 1797 ²P'm?
956 1762 1080 1797 Ulnera
1109 1763 1156 1799 Η,
1231 1763 1340 1799 instet
1373 1765 1531 1800 Bembus
1616 1765 1694 1802 322
1725 1767 1790 1801 hos

303 1815 497 1859 Hauptius
533 1814 608 1851 Hoc
641 1814 734 1865 Ψω,
782 1816 945 1852 Bembus
987 1816 1099 1865 chl
1144 1817 1232 1853 Ilinc
1272 1819 1303 1854 V
1342 1819 1398 1854 hic
1436 1819 1608 1867 Scaliqer
1692 1821 1792 1856 sedet

305 1871 453 1915 scripsi.
492 1875 565 1905 erat
594 1869 667 1905 ,Ωω
753 1871 888 1907 eaeides
920 1871 989 1907 CH
1000 1872 1071 1907 VY
1148 1872 1250 1908 uultu
1292 1872 1390 1908 ²P'oe?
1426 1874 1576 1909 multum
1612 1887 1637 1909 α
1674 1875 1791 1910 vultus

304 1924 477 1971 Scaliyer
513 1925 602 1960 alter
638 1925 802 1961 Bembus
886 1926 998 1961 elatus
1039 1927 1210 1974 Scaliqer
1295 1928 1430 1964 honore
1460 1938 1524 1974 εα,
1564 1930 1727 1966 Bembus
1756 1936 1790 1966 et

305 1979 477 2027 Scaliyer
589 1979 668 2017 323
688 1980 855 2016 Dardanie
883 1982 919 2017 Y
932 1981 1122 2031 Dardanide
1151 1984 1164 2018 l
1249 1982 1356 2030 aliter
1376 1984 1418 2020 Η
1499 1984 1587 2020 susci
1611 1984 1640 2020 C
1665 1996 1730 2020 suo
1752 1986 1793 2021 H

387 2045 457 2081 quo
500 2036 542 2070 Vl
572 2046 599 2083 q,
623 2045 642 2073 ε
728 2047 889 2083 campus,
931 2048 977 2072 m.
1011 2036 1033 2071 2
1071 2047 1211 2084 campos
1242 2038 1284 2073 H
1365 2038 1658 2076 alten-Dardanio
1702 2040 1790 2075 susis

303 2090 398 2137 quod
429 2101 457 2125 s.
490 2091 618 2137 eampis
648 2091 811 2127 Bembus
924 2091 1003 2127 324
1033 2092 1208 2128 Hectoreo
1240 2102 1307 2139 εα,
1340 2094 1504 2129 Bembus
1533 2094 1685 2130 Hectore
1714 2091 1789 2130 Foe¹

249 2148 267 2158 ‘
304 2146 434 2181 llector
470 2145 552 2180 HK
561 2146 603 2181 Vl
644 2145 814 2181 Haectora
852 2146 881 2182 C
915 2146 1064 2182 Hectora
1098 2146 1173 2193 Ψψ
1269 2148 1382 2183 victor
1425 2149 1584 2184 lustravit
1628 2150 1791 2186 Bembus

305 2202 418 2236 uictor
447 2200 605 2235 lustrarit
634 2210 680 2238 εα
709 2201 870 2236 lustrarit
899 2202 1011 2237 victor
1029 2198 1078 2236 oc¹
1108 2202 1273 2237 lustrauit
1301 2203 1415 2238 uictor
1436 2203 1478 2238 de
1499 2203 1619 2239 ΑΕΨ
1640 2204 1790 2240 elustra-

305 2257 355 2291 uit
384 2256 500 2291 uictor
529 2255 572 2291 de
602 2256 639 2291 F
663 2256 828 2292 lustrauit
861 2260 983 2292 uector
1012 2257 1054 2292 de
1085 2256 1114 2300 Q
1145 2257 1309 2292 lustrauit
1337 2257 1477 2293 deuicto
1508 2259 1587 2294 HK
1652 2260 1740 2294 troia
1770 2269 1788 2296 ε

387 2310 466 2347 325
499 2322 622 2346 ·ursus
658 2312 694 2348 Y
799 2311 913 2347 fremfi
941 2312 976 2347 P
1003 2309 1121 2347 fremit
1151 2322 1170 2349 ε
1282 2313 1389 2360 patris
1418 2314 1453 2348 P
1479 2324 1558 2360 pars
1587 2313 1679 2350 KV!

303 2367 384 2401 binc
415 2365 443 2401 C
470 2366 551 2401 huic
579 2366 671 2403 KVl
812 2366 907 2413 quod
945 2366 1030 2402 letat
1066 2372 1102 2402 et
1131 2367 1272 2412 ΑΕΡΕ,
1317 2368 1479 2404 Bembus
1516 2369 1611 2415 quod
1639 2369 1725 2416 letat
1755 2375 1790 2404 et

305 2421 396 2457 Οἴα
433 2420 528 2468 quod
564 2421 650 2457 letat
688 2421 769 2466 (om.
809 2420 858 2468 et)
896 2421 932 2456 B
970 2421 1066 2468 quod
1102 2427 1202 2465 necat
1238 2423 1340 2467 et'Q
1377 2423 1526 2459 delectat
1566 2429 1600 2459 et
1635 2425 1679 2460 Η
1709 2435 1789 2471 pars

302 2476 456 2511 destinat
483 2476 577 2512 KVI
687 2477 813 2511 humus
843 2477 881 2512 Ε
907 2476 1000 2511 ullus
1032 2478 1061 2520 Q
1091 2477 1141 2512 illi
1170 2477 1263 2514 KVc
1390 2478 1467 2514 326
1499 2478 1585 2513 alma
1613 2491 1648 2524 α,
1682 2479 1789 2514 Bem—

304 2532 371 2566 bus
409 2531 511 2566 Arma
545 2530 616 2566 Ψω
653 2530 776 2578 (etiam
814 2530 863 2577 ἵ)
900 2531 968 2567 alta
999 2532 1199 2579 Scaliyer,
1316 2533 1394 2568 itaci
1424 2534 1466 2568 Η
1497 2534 1602 2569 itachi
1632 2544 1651 2571 ε

303 2582 417 2634 quod]
450 2587 621 2633 quoq-H
653 2598 706 2632 qq
745 2586 779 2623 V
810 2596 878 2633 que
914 2587 966 2623 [a
1102 2587 1227 2622 cecidit
1276 2588 1305 2623 V
1333 2587 1455 2623 incidit
1483 2589 1525 2624 Η
1660 2590 1709 2623 ira
1738 2589 1792 2624 Kc

386 2641 464 2677 327
495 2652 549 2688 sq.
574 2643 705 2678 ordine
733 2644 881 2678 inverso
909 2643 923 2677 l
1014 2641 1092 2678 327
1123 2641 1210 2677 Hinc
1230 2643 1272 2678 H
1283 2643 1357 2680 νεα
1388 2642 1450 2679 Hic
1477 2645 1491 2679 l
1550 2644 1642 2690 regit
1670 2645 1786 2679 Hein-

303 2698 383 2732 sius
465 2707 610 2732 auersos
646 2698 696 2743 P,
744 2697 906 2733 Bembus
949 2707 1094 2732 euersos
1133 2696 1208 2743 Ψψ
1245 2708 1393 2733 euersus
1430 2699 1460 2742 Q
1543 2698 1684 2733 laeertia
1724 2698 1790 2734 BC

303 2784 429 2832 lgereia
466 2785 502 2820 Y
530 2754 635 2820 laemia
674 2785 706 2832 (a
741 2796 937 2832 suprascr.
976 2797 1022 2820 m.
1058 2784 1096 2831 2)
1135 2786 1177 2822 Η
1259 2786 1377 2821 uultus
1414 2785 1566 2830 ΑΕΩΨ
1602 2786 1720 2822 uultos
1759 2788 1793 2823 ΙΙ

306 2839 443 2880 uultus,
489 2842 525 2875 in
570 2852 639 2887 my.
685 2853 730 2876 m.
775 2852 853 2877 rec.
894 2840 922 2875 l’
955 2841 1066 2876 uirtus
1101 2841 1133 2876 Β
1162 2851 1285 2877 currus
1325 2850 1372 2878 εα
1491 2840 1570 2878 328
1613 2842 1787 2878 strimonii
