1884 3126
726 128 859 158 CAPUT
890 124 919 157 ι’.
1560 103 1588 151 3

62 258 178 298 qnam
210 241 470 298 particulatim
500 241 560 283 vel
590 241 722 282 filatim
753 241 938 293 componi
969 245 1007 280 et
1031 238 1278 291 congregari.
1331 236 1454 276 multo
1480 242 1588 276 certe

22 327 28 332 ·
63 321 101 354 ct
130 313 287 367 planior
318 318 357 352 et
386 311 601 364 simplicior
638 312 865 351 catalecton
895 307 1055 354 titulus,
1096 317 1333 360 quamquam
1365 303 1588 356 exemplum

63 396 142 435 quo
172 387 284 421 tuear
315 393 395 420 non
425 379 564 425 habeo,
594 384 638 418 ut
667 377 923 418 collectorum
955 381 993 415 et
1021 377 1062 415 in
1094 375 1199 414 idem
1232 386 1378 426 corpus
1405 378 1588 424 recepto-

64 463 152 490 rum
186 450 420 493 carminum,
453 448 520 498 qui
548 452 708 499 praeter
736 445 900 485 Ausonii
930 444 1206 484 auctoritatem
1239 441 1466 481 confirmari
1485 440 1592 479 vide-

65 524 128 558 tur
171 519 289 557 etiam
327 516 467 556 Isidori
511 514 638 566 glossa
678 515 856 566 quamvis
894 504 1102 564 corrupta,
1151 522 1250 563 quae
1287 510 1328 548 in
1366 508 1593 548 Pithoeanis

67 598 224 638 qnoque
263 584 460 636 excerptis
499 583 622 622 fuisse
659 582 828 622 traditur
860 583 1118 631 ‘catadocta‚
1160 577 1376 617 multorum
1410 576 1592 621 cantica,'

70 654 136 693 ubi
166 653 350 692 Pithoeus
380 651 550 690 coniecit
579 649 791 701 legendum
822 662 907 690 esse
938 649 1202 692 ‘catalecta',
1235 646 1443 685 Martinius
1474 645 1595 684 ‘cata

67 721 214 769 dicta'‚
249 726 292 758 ut
320 720 361 757 in
381 707 665 758 Mediolanensi
685 718 940 770 Priapeorum
973 715 1109 756 codice
1137 727 1180 753 se
1210 714 1438 765 repperisse
1459 717 1596 750 narrat

67 789 116 828 Is.
139 788 300 827 Vossius
321 786 474 826 obserV.
497 786 544 825 ad
568 784 705 825 Catuli.
727 798 766 837 p.
788 782 891 825 344:
918 786 1038 824 ‘cata
1059 785 1168 823 dicta
1190 787 1366 821 veterum
1389 784 1594 832 poetarum

67 859 107 896 in
129 857 339 907 Priapum'
381 854 480 906 (vide
500 854 719 894 Burmanni
750 853 796 892 ad
830 852 976 892 anthol.
1009 851 1078 891 lib.
1102 851 1151 891 VI
1182 850 1271 890 adn.
1294 863 1333 902 p.
1355 846 1467 900 478).
1506 860 1596 887 nam

66 929 250 976 poterant
279 922 320 961 hi
350 934 507 974 quoque
542 923 739 961 variorum
770 920 880 960 lusus
917 922 1146 961 catalecton
1177 924 1216 957 et
1246 918 1407 957 nomine
1439 921 1478 955 et
1508 927 1597 955 cor-

69 1005 166 1045 pore
209 991 532 1042 comprehendi.⁴
564 990 851 1030 elementorum
897 995 1028 1030 autem
1069 990 1101 1028 G
1136 993 1174 1027 et
1210 988 1249 1026 P
1280 986 1519 1039 permutatio
1556 985 1598 1022 in

70 1049 225 1100 cursiva
263 1058 486 1111 capitalium
519 1058 739 1098 litterarum
769 1059 965 1109 scriptura
996 1056 1157 1096 minime
1186 1053 1356 1094 insolita.
1418 1058 1456 1092 et
1485 1052 1598 1092 video

70 1130 110 1167 in
144 1127 371 1179 apographo
402 1126 583 1166 editionis
603 1126 804 1166 Romanae
834 1125 996 1165 alterius
1017 1123 1244 1169 Basileensi,
1275 1121 1346 1161 ubi
1367 1122 1600 1161 Catalecton

77 1202 116 1235 et
144 1195 403 1247 praemissum
435 1200 472 1233 et
502 1193 769 1245 subscriptum
793 1199 862 1239 est,
894 1194 936 1232 in
958 1191 1071 1232 titulo
1093 1198 1238 1236 tamen,
1268 1190 1334 1241 qui
1353 1190 1394 1228 in
1415 1188 1598 1227 foliorum

75 1264 252 1314 margine
283 1263 491 1313 superiore
513 1261 717 1313 adpositus
738 1266 809 1306 est,
839 1261 945 1300 idem
966 1259 1200 1299 vocabulum
1222 1258 1364 1297 litteris
1382 1255 1599 1296 initialibus

71 1332 123 1370 ita
155 1332 302 1383 pictum
335 1334 378 1368 ut
405 1330 438 1369 C
462 1328 577 1381 plane
607 1329 784 1369 videatur
812 1330 849 1368 P
874 1341 972 1378 esse,
1005 1330 1062 1368 sic
1092 1329 1196 1367 fere:
1237 1318 1280 1376 Οἳ

186 1398 368 1438 Ceterum
408 1398 489 1436 sive
527 1399 760 1448 catalepton
797 1398 877 1436 sive
914 1399 1122 1437 catalecta
1160 1396 1309 1435 rectius
1339 1393 1599 1446 appellantur,

75 1467 218 1505 mirum
249 1467 282 1505 si
312 1466 379 1517 qui
410 1477 516 1504 nunc
547 1477 592 1524 eo
624 1465 784 1504 nomine
816 1464 1211 1517 comprehenduntur
1232 1462 1365 1514 elegos
1386 1468 1424 1501 et
1449 1461 1601 1501 iambos

74 1533 360 1584 intellegemus,
384 1545 455 1572 cur
475 1535 771 1583 epiqrammata
791 1538 999 1585 praeterea
1020 1532 1123 1585 apud
1145 1532 1340 1571 Donatum
1363 1535 1401 1569 et
1421 1530 1599 1569 Servium

76 1603 178 1641 inter
208 1600 397 1653 opuscula
422 1600 640 1652 Vergiliana
661 1601 899 1641 reserantur.
947 1613 1037 1640 nam
1051 1602 1225 1651 priapia
1247 1598 1349 1649 quod
1372 1597 1421 1638 ab
1441 1597 1519 1637 illis
1540 1609 1601 1637 se-

78 1675 212 1722 parata
242 1674 332 1708 sunt
359 1669 484 1720 ipsius
515 1669 738 1720 argumenti
768 1674 906 1708 natura
938 1668 1053 1708 facile
1084 1667 1314 1720 explicatur.
1345 1666 1414 1705 sed
1442 1671 1602 1718 praeter

78 1737 174 1776 haec
194 1737 227 1774 si
246 1734 438 1788 peculiari
463 1736 774 1787 epigrammaton
795 1737 957 1775 nomine
977 1736 1215 1787 significatos
1237 1747 1321 1774 esse
1343 1746 1432 1774 cum
1453 1733 1602 1773 Naekio

79 1804 171 1856 (Cat.
194 1817 232 1856 p.
257 1801 352 1853 226)
375 1804 579 1843 statuimus
610 1803 828 1843 versiculos
859 1803 968 1850 illos,
1002 1805 1069 1855 qui
1098 1805 1139 1843 in
1168 1802 1371 1843 codicibus
1402 1801 1603 1842 nonnullis

78 1885 166 1912 cum
184 1871 418 1923 Vergilianis
439 1871 638 1923 opusculis
658 1873 860 1911 coniuncti
879 1877 1011 1912 extant
1031 1872 1080 1911 de
1096 1871 1242 1911 Balista
1265 1870 1430 1917 latrone,
1449 1870 1497 1909 de
1520 1872 1604 1910 viro

79 1940 196 1986 bono,
221 1939 269 1978 de
299 1940 406 1978 ‘est'
429 1945 467 1978 et
498 1942 624 1979 ‘non'
647 1939 939 1992 monosyllabis,
963 1940 1012 1980 de
1032 1941 1134 1980 rosis
1155 1938 1408 1980 nascentibus
1430 1944 1470 1978 et
1490 1951 1604 1979 sene-

79 2007 279 2047 scentibus
297 2007 357 2046 vel
379 2006 477 2046 adeo
499 2011 619 2047 totam
641 2007 749 2047 illam
762 2008 1091 2048 scholasticorum
1114 2009 1333 2048 carminum
1350 2007 1601 2058 farraginem,

81 2087 181 2126 quae
212 2075 350 2127 optimi
381 2080 522 2126 poetae
553 2087 698 2115 nomen
727 2077 769 2115 in
791 2076 995 2116 codicibus
1024 2076 1226 2121 mentitur,
1260 2081 1368 2115 certe
1390 2076 1518 2115 omnis
1539 2075 1604 2114 illa

82 2155 180 2194 quae
212 2142 314 2194 apud
337 2142 531 2181 Donatum
562 2142 706 2194 legitur
736 2145 874 2183 notitia
906 2157 927 2184 a
948 2144 1136 2184 Suetonio
1158 2143 1286 2183 aliena
1314 2142 1496 2182 habenda
1518 2144 1604 2188 erit,

82 2212 193 2249 cuius
223 2214 348 2249 aetate
379 2209 588 2262 probabile
617 2223 696 2250 non
729 2217 787 2251 est
816 2218 897 2251 tam
928 2211 1024 2251 viles
1054 2213 1158 2251 fetus
1189 2217 1257 2251 aut
1286 2216 1518 2263 procreatos
1542 2217 1608 2250 aut

83 2277 254 2328 Vergilio
284 2277 454 2317 tributos
484 2290 583 2318 esse.
635 2279 703 2318 sed
735 2284 814 2318 tam
845 2280 922 2318 late
953 2292 1026 2331 per
1056 2293 1098 2319 se
1128 2284 1236 2332 patet
1264 2278 1480 2319 catalecton
1513 2279 1606 2332 (sive

83 2344 316 2397 catalepton)
357 2358 520 2390 nomen,
560 2351 603 2384 ut
632 2345 755 2386 multa
786 2346 901 2386 facile
932 2347 1282 2399 comprehendisse
1312 2348 1450 2399 possit.
1513 2359 1607 2398 ergo

84 2413 190 2464 quod
228 2412 332 2464 apud
362 2413 555 2451 Donatum
593 2412 759 2464 legimus
797 2414 1047 2455 ‘catalecton
1077 2420 1117 2455 et
1140 2417 1311 2466 priapia
1341 2420 1379 2455 et
1407 2417 1608 2466 epiyram-

85 2486 194 2520 mata
223 2486 262 2519 et
291 2482 428 2520 diras’
461 2482 680 2532 poterimus
709 2481 941 2533 intellegere
972 2482 1190 2522 catalecton
1222 2483 1346 2522 libros
1375 2488 1470 2529 tres,
1502 2484 1607 2535 pria-

85 2550 148 2601 pia
180 2547 329 2587 scilicet
361 2553 399 2586 et
430 2549 711 2599 epigrammata
743 2554 782 2588 et
812 2549 936 2595 di1·as;
969 2563 1013 2590 ac
1043 2551 1212 2591 fortasse
1241 2551 1347 2590 idem
1368 2550 1490 2590 voluit
1510 2553 1610 2591 vitae

87 2629 188 2668 quac
226 2616 266 2654 in
297 2615 423 2654 Servii
453 2615 745 2667 prolegomenis
774 2630 879 2657 nunc
910 2623 1097 2670 excerpta
1130 2623 1188 2657 est
1218 2623 1375 2664 auctor,
1413 2619 1609 2671 siquidem

87 2689 176 2736 post
206 2684 326 2727 cirin,
366 2685 529 2723 Aetnam
562 2691 599 2723 ct
630 2684 795 2724 culicem
831 2685 983 2737 reliqua
1014 2687 1069 2725 sic
1099 2687 1184 2726 fere
1214 2687 1485 2738 composuisse
1516 2699 1610 2726 con-

88 2752 224 2790 icitur:
275 2753 526 2791 ‘catalecton
562 2754 743 2802 priapea
784 2755 1080 2803 epiqrammata
1122 2766 1266 2805 copam
1308 2756 1467 2805 diras-³,
1513 2754 1612 2793 haec

91 2822 273 2869 quattuor
304 2820 501 2869 communi
533 2820 750 2858 catalecton
782 2822 942 2860 nomine
973 2820 1212 2873 complexus.
1264 2821 1409 2874 quibus
1439 2823 1471 2860 si
1503 2822 1611 2860 addi-

1280 2888 1338 2927 1*
