1884 3126
310 131 364 171 32
892 148 1221 175 PROLEGOMENON

309 252 367 290 his
396 253 434 291 in
466 252 529 291 sol.
563 251 636 292 14Γ
664 254 883 306 subscripta
914 256 1028 295 haec:
1073 257 1227 306 Septem
1258 258 1355 296 loca
1389 258 1597 298 quenaaa
1644 260 1800 307 Virqilii

309 320 486 358 Finiunt.
537 319 601 357 sol.
627 318 703 358 14⁸*
727 321 940 361 Octauiani
965 325 1117 376 cesaris
1137 326 1296 371 auqusti
1324 321 1331 376 Ι
1365 335 1500 362 uersus
1521 326 1570 362 de
1588 326 1796 364 laudanda

309 395 358 422 ac
398 382 404 436 Ι
443 386 699 431 adfirmanda
732 392 820 426 arte
854 390 1007 436 uirqilii
1043 387 1047 441 Ι
1080 394 1174 438 post
1201 394 1363 428 mortem
1393 391 1497 428 illius
1526 389 1752 442 imminuti

313 451 473 498 Erqone
499 454 714 500 supremis'
747 466 778 491 e.
812 466 846 504 q.
880 467 908 492 s.
944 454 1088 505 (Burm.
1121 455 1153 492 11
1190 452 1276 504 184,
1307 455 1355 493 Μ.
1387 452 1494 506 858).

420 527 483 566 sol.
522 526 592 567 15r
629 531 820 569 ‘Carmen
859 534 1087 570 tetrasticon
1124 533 1249 570 ouidii
1274 534 1434 571 nasonis
1462 533 1613 580 incipit.
1665 532 1798 578 Qualis

307 594 495 632 bucolicis
525 625 533 632 .
567 625 575 632 .
610 626 617 633 .
649 598 832 634 carmina
860 597 961 636 ἤγετ’
993 598 1047 649 (Β.
1081 597 1112 635 ΙΙ
1145 596 1236 636 189.
1269 598 1316 636 Μ.
1350 596 1457 647 836).

420 670 564 709 Deinde
595 671 729 711 litteris
761 673 979 712 maiusculis
1011 675 1163 712 ‘Publii
1197 675 1354 722 J'irqilii
1386 675 1391 724 Ι
1428 676 1608 713 Maronis
1636 686 1795 714 carmen

307 737 507 775 bocolicon
537 739 576 775 in
608 750 684 785 quo
730 736 735 791 Ι
783 740 1054 779 tltemocritam
1083 742 1178 778 uicit
1226 742 1231 788 Ι
1277 742 1416 788 incipit
1445 740 1621 786 feliciter
1658 740 1663 791 Ι
1702 743 1796 779 dra-

307 804 477 840 maticon
509 803 610 841 MIC
633 806 637 850 Ι
668 804 831 842 TICON
855 807 1061 844 meliboeus
1097 808 1275 855 tytirus'.
1335 811 1522 844 secuntur
1550 807 1729 845 bucolica
1760 811 1800 844 et·

306 869 496 914 qeorm‘ca
526 881 649 919 nsque
680 869 726 907 ad
757 870 772 908 l
801 868 896 909 494.

419 945 459 983 ln
491 945 582 983 lolio
616 944 662 983 1r
691 946 850 996 legitur:

574 1024 707 1062 Codex
731 1027 901 1073 patricii
937 1027 1073 1064 Veneti
1099 1027 1307 1064 Ber-nardi·
1333 1026 1472 1064 Bembi

572 1091 806 1139 Antiqssime
833 1093 1081 1139 antiquitatis
1109 1093 1300 1144 Rele’quie.

307 1165 447 1203 deinde
476 1170 565 1216 post
586 1165 778 1223 indicem:

417 1232 515 1270 Lusi
540 1233 583 1269 dl
618 1233 782 1280 Virqilio
811 1235 854 1271 di
880 1236 1068 1273 scrittura
1098 1236 1141 1272 di
1167 1236 1264 1272 mill’
1296 1236 1394 1272 anni
1420 1241 1457 1272 et
1479 1233 1531 1281 sa
1552 1236 1616 1273 del
1636 1235 1792 1282 BemIm,

307 1300 345 1335 in
370 1309 617 1346 pei-qamena
647 1301 687 1336 in
711 1299 845 1347 soyle’o
873 1302 1005 1348 lonqo.
1065 1302 1150 1339 Ful.
1193 1302 1277 1339 Vrs.

417 1375 485 1412 Est
514 1376 616 1413 enim
654 1375 716 1413 bic
747 1376 868 1414 codex
898 1389 972 1415 una
1014 1389 1098 1414 cum
1137 1376 1290 1415 schedis
1319 1376 1477 1426 Vergilii
1512 1377 1703 1415 Vaticanis
1735 1377 1795 1426 (F)

308 1447 345 1478 et
375 1440 557 1479 Terentio
587 1441 776 1479 Bembino
816 1454 861 1479 ex
902 1442 1132 1481 bibliotheca
1162 1442 1205 1480 P.
1237 1442 1372 1480 Bembi
1408 1441 1453 1480 ad
1485 1442 1658 1480 Fulvium
1689 1442 1794 1480 Ursi-

308 1518 399 1544 num
438 1506 607 1551 delatus,
646 1506 748 1544 unde
786 1508 824 1545 in
864 1507 1136 1546 bibliothecam
1168 1509 1386 1546 Vaticanam
1423 1507 1576 1546 devenit
1606 1509 1667 1558 (cs.
1698 1508 1794 1546 Nae-

307 1572 392 1610 kins
422 1574 502 1611 Cat.
534 1585 571 1622 p.
602 1571 710 1624 336).
771 1573 934 1612 contulit
971 1586 1058 1612 eum
1096 1575 1382 1612 accuratissime
1413 1585 1514 1611 anno
1546 1571 1652 1612 1864
1680 1574 1794 1612 Caro-

307 1638 366 1676 lus
402 1638 711 1688 Zangemeister,
766 1640 876 1677 cuius
919 1640 1059 1689 insigni
1106 1639 1324 1677 liberalitati
1363 1645 1400 1677 et
1438 1639 1646 1678 Ladevicus
1682 1639 1797 1678 debet

308 1716 404 1754 quas
441 1705 479 1741 in
521 1703 861 1742 Weidmannianae
899 1705 1079 1743 editionis
1113 1717 1145 1743 a.
1173 1703 1285 1743 «1866
1321 1706 1494 1754 margine
1530 1704 1692 1743 selectas
1729 1705 1794 1743 ad-

307 1771 437 1821 posuit
465 1770 679 1820 scripturas
711 1770 848 1819 (littera
880 1772 914 1808 V
931 1770 979 1808 ab
1009 1770 1074 1808 illo
1105 1771 1284 1820 signatas)
1309 1775 1347 1808 et
1377 1782 1447 1820 ego
1468 1771 1658 1820 integram
1679 1782 1794 1821 quam

309 1835 464 1874 exhibui
495 1835 791 1885 discrepantiam
823 1849 843 1874 a
874 1849 936 1874 me
966 1836 1090 1875 littera
1112 1837 1150 1873 B
1173 1840 1353 1874 notatam.
1403 1847 1476 1873 nec
1505 1836 1605 1885 fugit
1632 1847 1792 1874 acumen

307 1902 607 1951 Zangemeisteri
641 1901 743 1939 hunc
773 1903 898 1952 ipsum
930 1914 1016 1940 esse
1047 1914 1161 1952 quem
1191 1902 1230 1940 in
1260 1901 1502 1940 recensendo
1533 1901 1656 1940 culice
1686 1902 1793 1940 adhi-

308 1968 453 2006 buisset
489 1966 547 2004 vel
584 1979 677 2017 prae
714 1968 855 2006 ceteris
893 1966 1119 2006 laudavisset
1147 1967 1284 2005 Petrus
1314 1966 1494 2004 Bembus.
1553 1969 1618 2018 qui
1645 1968 1684 2005 in
1714 1967 1793 2005 dia-

307 2034 394 2083 logo
431 2035 480 2071 de
507 2035 634 2072 culice
673 2035 829 2081 Vir-oilli
865 2034 973 2084 (Opp.
1009 2033 1042 2071 ΙΙ
1071 2045 1109 2083 p.
1141 2030 1192 2071 81
1223 2045 1306 2083 sqq.
1339 2032 1399 2070 ed.
1430 2032 1559 2084 Basil.)
1591 2033 1794 2083 Pomponii

308 2099 412 2138 Laeti
444 2110 607 2150 persona
640 2111 732 2137 usus
762 2098 903 2137 librum
932 2098 1080 2142 laudat,
1112 2099 1179 2147 qui
1216 2100 1397 2136 ‘truncus
1427 2098 1702 2149 mutilatasque
1731 2100 1791 2142 sit,
1848 2088 1851 2090 ,

307 2166 450 2216 quippe
494 2166 557 2203 cui
593 2170 749 2215 praeter
786 2166 965 2203 iuvenilis
1005 2165 1093 2202 ludi
1125 2165 1296 2202 libellum
1336 2169 1374 2201 et
1408 2163 1494 2202 illos
1530 2165 1793 2203 bucolicorum

305 2243 502 2269 sermones
531 2231 575 2268 X
601 2236 639 2268 et
666 2233 942 2278 yeoryicorum
968 2231 1090 2278 primi
1116 2230 1208 2267 libri
1230 2234 1386 2278 partem
1416 2228 1511 2267 nihil
1542 2230 1699 2267 omnino
1729 2242 1792 2267 su-

306 2299 439 2348 persit.
500 2297 703 2347 complecti
741 2301 867 2334 autem
906 2295 1083 2334 ‘ludum'
1123 2295 1255 2333 eadem
1293 2294 1356 2332 illa
1394 2307 1490 2344 quae
1529 2295 1703 2333 novimus
1733 2307 1792 2333 se-

307 2369 410 2414 ptem
449 2364 619 2401 carmina
658 2363 748 2401 dicit
776 2364 939 2401 euticem
970 2363 1081 2400 diras
1109 2372 1269 2410 copam,
1302 2365 1359 2398 est
1386 2371 1465 2399 non
1493 2366 1549 2399 est
1580 2360 1709 2411 (immo
1738 2366 1794 2399 est

306 2435 343 2467 et
373 2430 477 2479 non),
507 2430 633 2467 viram
661 2430 815 2475 bonum,
847 2426 1037 2466 moretum
1066 2438 1192 2474 rosas,
1226 2438 1302 2464 non
1331 2427 1459 2464 inesse
1478 2427 1653 2475 Priapea
1681 2439 1718 2477 p.
1741 2423 1793 2464 83

307 2495 450 2532 diserte
481 2498 651 2532 testatur.
702 2494 831 2543 magni
860 2498 1062 2543 praeterea
1092 2493 1277 2530 momenti
1298 2496 1354 2530 est
1372 2492 1472 2542 quod
1496 2492 1628 2530 culicis
1648 2504 1680 2530 v,
1701 2489 1790 2535 133,

307 2572 422 2610 quem
452 2561 491 2598 in
521 2573 590 2598 suo
619 2559 752 2598 codice
782 2559 1038 2597 vetustissimo
1069 2570 1146 2596 non
1176 2557 1310 2595 haberi
1329 2562 1460 2595 narrat
1480 2557 1646 2596 Bembus
1665 2570 1701 2607 p.
1725 2554 1790 2600 95,

308 2627 421 2665 etiam
458 2626 498 2663 in
535 2626 657 2663 nostri
687 2626 725 2663 B
753 2629 859 2663 textu
897 2623 1169 2662 desidet-aton·
1208 2624 1247 2661 in
1284 2636 1358 2674 quo
1396 2624 1643 2674 reperiuntur
1681 2635 1791 2674 prae-

309 2699 414 2732 terea
456 2691 645 2742 plurimae
683 2691 819 2729 Bembi
856 2691 1070 2741 scripturae
1107 2690 1278 2740 quamvis
1313 2701 1450 2739 magna
1486 2701 1532 2727 ex
1568 2694 1677 2739 parte
1715 2701 1790 2727 non

309 2759 421 2798 liuius
463 2759 574 2796 unius
610 2757 698 2796 libri
731 2756 932 2809 propriae,
971 2768 1065 2807 quas
1096 2757 1162 2807 qui
1192 2756 1468 2808 comparaverit
1498 2767 1574 2793 non
1605 2755 1793 2795 dubitabit
