1884 3126
314 119 390 160 152
707 124 710 126 ’
932 133 1183 160 CATALECTA.

421 247 463 281 ut
491 241 555 281 ille
586 254 718 281 versus
747 254 1022 294 usquequaque
1051 243 1217 294 pertinet

422 318 564 365 ‘gener
593 326 799 365 socerque,
830 315 1053 366 perdidistis
1082 316 1252 354 omnial'

1769 249 1792 286 ΕΠ

1003 445 1111 487 IIII.

475 537 650 588 Superbe
681 537 887 581 Noctuine,
920 536 1095 588 putidum
1127 543 1252 588 eaput,

424 609 536 648 datur
566 609 637 648 tibi
665 608 810 660 puella,
843 621 956 659 quam
987 610 1105 659 petis,
1138 609 1270 653 datum

421 682 551 727 datur,
583 681 751 732 superbe
781 681 990 724 Noctuine,
1022 693 1135 732 quam
1165 683 1277 732 petis.

421 754 508 799 sed,
540 767 570 793 o.
593 753 761 805 superbe
791 754 999 799 Noctuine,
1031 765 1108 792 non
1140 754 1245 792 vides

422 827 516 866 duas
546 826 690 865 habere
724 825 820 864 filias
849 825 1016 871 Atilium,
1208 808 1209 811 Ἴ
1776 831 1800 867 5

421 899 534 942 duas,
568 903 605 936 et
634 899 732 936 hanc
764 904 801 936 et
831 875 1010 953 alteram:
1042 897 1109 936 tibi
1142 898 1237 937 dari.

422 971 554 1009 adeste
584 982 706 1015 nunc,
738 970 888 1009 adeste:
921 955 1026 1009 ducit
1055 972 1112 1019 (ut
1140 970 1281 1021 decetl)

422 1042 614 1093 superbus
646 1055 735 1081 ecce
766 1042 979 1081 Noctuinus
1010 1042 1196 1080 hirneam.

422 1114 620 1154 thalassio!
652 1114 833 1153 thalassio
848 1115 855 1152 !
888 1113 1087 1153 thalassio!

516 1273 560 1317 ὦ,
580 1229 652 1283 t
1032 1245 1084 1286 v.

462 1308 514 1346 W
1139 1336 1147 1344 .

390 1360 401 1369 κ
423 1338 554 1376 Iacere
586 1350 665 1382 nie,
698 1337 800 1388 quod
831 1335 905 1375 alta
937 1347 1012 1374 non
1043 1347 1210 1386 poss1m,
1242 1340 1368 1387 putas,

480 1415 522 1449 ut
551 1414 638 1448 ante
669 1410 812 1448 vectari
842 1409 939 1447 freta

391 1530 393 1533 f
424 1495 496 1522 nec
525 1483 628 1520 ferre
660 1481 799 1520 durum
830 1476 953 1530 frigus
982 1485 1046 1519 aut
1076 1485 1225 1519 aestum
1257 1481 1335 1530 pati

479 1566 607 1606 neque
637 1565 741 1593 arma
772 1553 929 1592 victoris
958 1552 1079 1604 sequi-

399 1747 422 1783 5
456 1752 494 1782 ut
522 1746 581 1782 ille
612 1757 733 1782 versus
763 1757 831 1782 om.
864 1755 884 1782 ε
914 1743 1082 1791 (lacuna)
1203 1727 1357 1792 usq-21⁶5
1387 1745 1431 1779 H
1537 1746 1693 1792 pereinat
1723 1747 1800 1791 RZ,

314 1804 366 1840 Is.
409 1803 561 1839 Vossius
590 1799 667 1847 (‘ut
695 1804 733 1837 in
763 1801 908 1837 duobus
936 1803 1016 1835 eius
1053 1801 1241 1836 codicibus
1274 1800 1432 1847 leyitur'
1464 1800 1722 1847 Burmannus)

316 1860 339 1895 6
370 1859 435 1905 esi:
455 1858 593 1893 Catulli
620 1856 723 1892 XXIX
754 1855 804 1891 24
896 1867 1006 1903 gener
1036 1866 1208 1902 socerque
1239 1865 1258 1892 ε
1290 1852 1462 1903 (lacuna)
1547 1867 1649 1891 socer
1678 1867 1805 1903 genet·—

315 1925 384 1961 que
415 1914 637 1960 Spenyelius
664 1915 703 1948 in
733 1912 905 1948 Seebodiz·
932 1911 1086 1947 archivo
1117 1923 1153 1946 α.
1187 1910 1292 1948 1828
1318 1923 1360 1958 p.
1395 1910 1473 1946 114
1577 1911 1693 1961 sui-stis
1727 1922 1805 1959 per-

316 1969 454 2004 didistis
485 1968 520 2002 B
549 1967 686 2003 didistis
717 1977 736 2005 Ε
1538 1982 1549 1995 f

425 2024 495 2059 1111.
543 2024 564 2059 1
597 2023 731 2071 Vperbe
761 2024 796 2058 R
908 2022 1100 2062 Noctuine,
1138 2022 1300 2069 putidum
1329 2034 1354 2057 α
1385 2023 1553 2057 noctuine
1583 2021 1744 2069 puditum
1779 2022 1809 2056 Β

315 2081 436 2116 noetui
466 2079 667 2126 repuditum
698 2080 728 2114 Z
754 2084 863 2114 noctu
891 2077 1092 2125 repuditum
1123 2078 1221 2114 ΗΒΕ
1251 2083 1360 2112 noctu
1390 2078 1417 2112 it
1447 2078 1635 2112 recutitum
1657 2078 1699 2113 X
1724 2072 1808 2112 noc-

316 2136 367 2170 tui
398 2140 433 2170 et
462 2135 651 2170 recutitun]
693 2135 794 2170 Voss.
826 2133 853 2168 11
943 2132 1028 2180 capd
1060 2133 1094 2168 Β
1207 2132 1229 2168 2
1260 2134 1350 2180 patis
1382 2133 1423 2168 H
1506 2132 1528 2168 3
1561 2144 1640 2179 sqq.
1674 2134 1809 2168 desunt

315 2194 353 2227 in
384 2200 403 2227 ε
518 2190 541 2226 3
572 2189 781 2225 Noctuinam
809 2190 851 2225 X
876 2189 998 2225 noctui
1027 2199 1106 2223 nam
1136 2189 1210 2224 HR
1323 2186 1348 2222 4
1380 2198 1399 2222 o
1431 2199 1498 2223 om.
1525 2188 1644 2224 HRX
1724 2199 1808 2223 noc-

318 2247 368 2282 tui
398 2257 441 2281 ne
471 2256 543 2281 non
574 2246 615 2281 H
641 2246 762 2281 noctui
791 2255 908 2280 nonne
937 2244 1016 2280 RX
1125 2243 1148 2280 5
1179 2242 1250 2279 filia
1279 2243 1431 2278 satilium
1453 2243 1488 2277 B
1601 2243 1624 2279 6
1655 2242 1740 2277 duas
1771 2255 1806 2287 α,

318 2314 385 2338 om.
420 2302 604 2337 BHRXZ
728 2300 750 2336 7
782 2296 896 2349 [lucit]
928 2299 1011 2335 dicit
1042 2300 1076 2334 B
1203 2299 1226 2335 8
1258 2303 1453 2334 nocturnus
1484 2299 1558 2335 HR
1653 2298 1808 2333 hirneam

319 2390 410 2426 BZoc
440 2371 578 2425 hiheam
608 2388 639 2433 (r
669 2401 715 2424 m.
748 2387 846 2434 ead.)
877 2389 919 2424 H
952 2385 1064 2435 yrnezi
1093 2388 1128 2423 R
1166 2388 1281 2423 imeae
1309 2388 1349 2423 Χ
1376 2387 1496 2422 hernia
1539 2387 1640 2423 Voss.
1673 2386 1701 2420 11
1731 2387 1809 2422 her-

318 2446 408 2481 niam
438 2446 575 2481 mavult
605 2445 777 2491 Scaliyer
890 2444 912 2479 9
945 2455 1012 2480 om.
1044 2456 1069 2478 α
1155 2443 1334 2478 Thalassio
1359 2442 1537 2478 Thalassio
1562 2441 1650 2487 (non
1681 2440 1753 2487 ter)
1775 2441 1810 2476 Β

319 2501 455 2536 'l'alasio
486 2500 622 2536 Talasio
644 2500 752 2536 HRZ
779 2499 940 2535 Thalasio
973 2498 1120 2535 thalasio
1142 2499 1182 2534 X
1241 2499 1314 2534 Ter
1341 2500 1503 2544 positum
1536 2501 1699 2533 testatur
1726 2497 1809 2532 Ma-

318 2559 398 2592 rius
440 2556 650 2592 Victorinus
675 2567 716 2601 μ
747 2554 867 2591 2585.

431 2611 456 2645 V
500 2613 602 2647 deest
630 2614 667 2647 in
699 2620 718 2648 ε
805 2610 825 2645 1
857 2609 972 2645 Iacere
1002 2620 1056 2645 me
1086 2610 1159 2654 Boc,
1192 2621 1260 2646 om.
1293 2609 1334 2644 X
1358 2609 1506 2644 lacerem
1528 2609 1569 2644 H
1595 2607 1709 2642 Iacere
1730 2607 1807 2647 ΒΖ,

329 2667 432 2703 Voss.
463 2666 491 2701 11
603 2667 674 2702 alto
705 2667 780 2702 HR
810 2665 879 2701 alte
909 2665 951 2700 X
1057 2675 1202 2713 possum
1244 2666 1346 2701 Voss.
1376 2664 1404 2699 ΙΙ
1527 2663 1550 2698 2
1581 2658 1680 2711 ante]
1715 2668 1810 2698 tante

321 2723 431 2759 HXZ
459 2727 553 2771 tante
583 2723 618 2758 R
704 2721 836 2757 nectari
855 2720 896 2756 H
924 2725 1059 2756 nectam
1089 2721 1131 2756 X
1239 2720 1262 2758 3
1293 2715 1371 2768 aut]
1402 2728 1466 2754 nec
1486 2719 1571 2764 RX,
1602 2729 1688 2754 mss.
1718 2722 1810 2757 teste

321 2774 544 2816 Burmann'o
657 2777 682 2817 4
712 2772 847 2825 neque]
878 2776 948 2812 Nec
979 2775 1073 2823 quod
1102 2777 1145 2819 H
1357 2773 1368 2775 ”
