1884 3126
794 140 934 168 mrum.
1553 122 1631 165 177

223 266 300 294 non
332 267 439 301 mea,
472 267 551 294 non
583 253 662 295 ullo
692 259 916 293 moreretur
947 258 1124 303 tempore
1156 252 1271 296 sama,

222 328 349 368 dulcia
381 341 499 381 quom
530 327 693 368 Veneris
722 328 875 367 furatus
905 325 1045 377 gaudia
1077 325 1228 377 primus

222 402 377 442 dicerer
407 407 525 454 atque
556 414 603 442 ex
634 414 697 442 me
728 400 853 440 duleis
883 399 984 439 soret
1015 404 1099 438 orta
1131 398 1320 450 voluptas.
1582 400 1635 437 60

220 488 326 516 nunc
356 474 451 515 mihi
482 487 560 515 non
594 480 743 516 tantum
773 473 999 514 tribuerunt
1028 471 1159 511 invida
1190 472 1280 517 sata,

224 555 360 590 auctor
391 555 433 589 ut
463 548 608 589 occulti
639 554 773 589 noster
803 548 906 587 soret
937 558 1050 587 error
1081 546 1238 585 amoris.
1523 543 1632 595 (165)

148 677 170 709 ς
225 663 399 715 Iuppiter
429 668 518 702 ante
549 663 609 702 sui
639 673 797 713 semper
827 660 1031 700 mendacia
1063 660 1157 699 furti
1189 663 1196 669 '

222 749 311 776 cum
342 736 509 779 lunone,
542 736 653 787 prius
683 735 853 774 coniunx
884 746 1000 786 quam
1033 732 1159 772 dictus
1190 738 1358 784 uterque
1390 738 1459 777 est,

222 809 362 860 gaudia
395 808 530 848 libavit
559 807 716 848 dulcem
748 808 902 848 furatus
933 819 1121 846 amorem.
1583 807 1634 844 65

148 916 180 968 ς’
223 926 263 962 et
291 934 400 961 mare
431 933 519 961 cum
551 927 689 961 tenero
721 922 853 972 gavisa
884 925 944 960 est
973 920 1130 960 laedere
1161 921 1201 959 in
1232 919 1354 959 herba

223 1007 446 1047 purpureos
476 995 614 1039 flores,
648 1006 747 1046 quos
777 996 939 1046 insuper
973 993 1244 1039 accumbebat,
1541 994 1639 1042 (170

224 1068 408 1108 bracchia
439 1069 614 1108 formoso
645 1080 872 1120 supponens
903 1067 1042 1119 Cypria
1073 1066 1187 1106 collo.

137 1179 180 1228 ς”
225 1187 306 1221 tum
338 1181 457 1221 credo
489 1182 618 1221 suerat
648 1181 801 1220 Mavors
831 1181 1023 1220 distentus
1053 1181 1091 1219 in
1124 1180 1262 1223 armis:

225 1267 314 1294 nam
346 1259 453 1294 certe
485 1253 679 1294 Volcanus
710 1267 809 1306 opus
840 1254 1007 1294 faciebat
1039 1260 1077 1293 et
1107 1253 1162 1292 illi
1584 1255 1637 1293 70

226 1329 327 1368 tristi
358 1326 542 1380 turpabat
572 1326 693 1367 malas
723 1326 885 1378 fuligine
917 1326 1049 1367 barba.

225 1466 277 1505 58
307 1467 393 1503 Nam
425 1467 479 1502 Ζα
566 1466 666 1502 nullo
701 1466 780 1502 ΒΥ
892 1465 945 1503 59
978 1477 1087 1514 quom
1117 1466 1227 1513 Anyl.
1260 1476 1339 1501 cum
1371 1477 1401 1501 ω
1499 1466 1635 1513 primus

113 1524 235 1560 Busil.
268 1536 305 1560 u.
339 1522 466 1562 1543,
505 1522 687 1559 Pierius?
727 1523 881 1570 primum
912 1533 942 1557 ω
1093 1522 1147 1559 60
1176 1521 1316 1558 Diceret
1346 1522 1523 1558 HTWY

114 1581 162 1617 61
197 1591 292 1616 nunc
328 1580 371 1616 G.
403 1578 653 1615 Hermannus
682 1578 768 1614 Nam
799 1590 829 1614 ω
860 1583 895 1614 at
927 1579 1175 1615 Eichstudius
1260 1578 1378 1614 invida
1413 1579 1482 1615 sata
1513 1578 1632 1615 Hein-

113 1639 193 1673 sius
235 1637 342 1685 impia
386 1641 470 1672 uota
508 1647 539 1671 ω
578 1635 684 1683 impia
729 1633 800 1671 sata
838 1635 881 1672 G.
920 1635 1172 1672 Her-mannus
1215 1639 1251 1672 et
1289 1635 1496 1673 Putscleius

115 1725 166 1763 62
198 1725 308 1773 (165)
338 1731 384 1766 et.
417 1734 620 1772 suprascr.
644 1737 690 1761 m.
716 1723 739 1760 2
772 1730 811 1761 ut
832 1725 871 1762 H
959 1725 1070 1762 oculti
1101 1726 1144 1762 H
1227 1706 1310 1762 error
1339 1726 1383 1762 Η
1495 1725 1546 1763 63
1576 1727 1635 1762 lit-

114 1787 198 1819 tera
229 1784 368 1819 initiali
395 1784 553 1818 miniata
586 1782 622 1817 B
731 1782 783 1817 tui
813 1782 1096 1829 Peerlkampus
1126 1783 1178 1818 ud
1205 1783 1303 1819 Hor.
1337 1793 1457 1819 carm.
1489 1782 1502 1818 1
1533 1781 1578 1823 4,
1612 1782 1634 1818 7

197 1853 359 1909 mendat¹a
389 1873 432 1909 H
563 1871 676 1908 sactus
708 1871 897 1910 BTWYe
935 1872 1049 1908 fastus
1084 1873 1259 1921 Scaliyer
1422 1872 1474 1910 64
1506 1874 1636 1909 coniux

114 1940 218 1977 quam
248 1941 274 1964 α
303 1929 432 1965 coniux
469 1939 574 1976 quem
606 1928 638 1965 Z
675 1939 778 1976 quam
817 1929 972 1965 coniunx
1003 1929 1178 1966 Naelcius
1216 1931 1262 1966 de
1299 1930 1407 1966 libris
1438 1930 1529 1966 nilzil
1560 1941 1635 1966 mo-

114 1995 212 2022 nens
345 1984 397 2022 65
428 1983 547 2020 libasti
576 1985 858 2032 Peerlkampus
972 1996 1128 2022 amorem
1167 1992 1223 2022 est
1257 1986 1348 2022 TW
1459 1985 1510 2023 66
1541 1997 1636 2021 mare

113 2052 193 2077 cum
224 2041 496 2078 Lachmannus
533 2042 586 2077 ad
612 2041 728 2077 Lucr.
761 2041 790 2076 V
822 2042 926 2079 1001
952 2052 1107 2089 >mecum
1141 2054 1171 2077 ω
1212 2053 1290 2079 mea
1327 2053 1406 2078 cum
1443 2040 1489 2076 Ψ
1513 2053 1635 2078 secum

115 2097 290 2145 Scaliqer
319 2103 437 2134 tecum
459 2097 683 2138 Gronovius.
715 2097 999 2145 Peerlkampus
1029 2097 1094 2134 dea
1125 2098 1213 2134 elam
1246 2098 1430 2135 Heinsius
1459 2098 1525 2134 (lea
1554 2109 1634 2134 eum

108 2158 326 2201 praeeunte
357 2151 485 2190 eodem
524 2154 811 2201 Wernsdorfius
849 2165 1004 2202 quocum
1042 2155 1251 2191 Putschius
1289 2155 1432 2202 quicum
1465 2154 1638 2191 Nuelcius

200 2215 325 2247 tenero
366 2221 452 2247 cum
492 2210 754 2257 Wernsdorfio
784 2211 1077 2256 Lachmannus‚
1125 2211 1408 2258 Peerlkampus
1447 2216 1568 2247 tenera
1607 2223 1638 2246 ω

114 2266 263 2315 Cinyrae
293 2269 390 2303 coni.
434 2266 720 2313 Wernsdorfius
834 2267 980 2314 gauisus
1016 2272 1072 2302 est
1101 2265 1139 2314 (u
1170 2269 1297 2304 altera
1328 2278 1431 2304 corr.
1465 2269 1502 2303 in
1534 2267 1567 2313 a)
1598 2268 1641 2304 H

113 2324 187 2358 uisa
217 2328 273 2359 est
303 2322 403 2358 Med.
435 2321 534 2359 Colb.
568 2322 592 2358 3
624 2321 688 2358 dea
718 2323 792 2358 visa
823 2323 1035 2359 Gronovius
1073 2324 1205 2371 gavisa,
1238 2335 1309 2360 om.
1341 2329 1408 2369 est,
1441 2324 1637 2360 Arnoldus

198 2378 339 2414 laedere
362 2382 453 2426 post
484 2378 527 2414 G.
562 2378 768 2414 Canterum
798 2379 1072 2416 Lachmannus
1101 2379 1226 2416 ludere
1256 2391 1287 2415 ω
1317 2379 1429 2416 lidere
1461 2379 1638 2428 Scaliyer

118 2434 252 2471 elidere
284 2435 498 2471 Gronovius
583 2438 619 2470 et
650 2435 710 2481 qui
748 2446 828 2470 cum
860 2435 996 2471 Venere
1034 2441 1090 2472 est
1126 2436 1221 2471 visus
1261 2436 1431 2472 collidere
1462 2436 1638 2473 Naelcius

118 2493 204 2527 olim
298 2491 334 2526 in
366 2486 493 2539 herba]
527 2489 642 2526 Adoni
683 2491 970 2538 Wernsdorfius
1103 2492 1154 2529 67
1186 2490 1298 2539 (170)
1329 2492 1496 2540 quotiens
1527 2503 1637 2540 super

117 2547 300 2583 Heinsius
415 2546 467 2584 68
497 2545 658 2582 bracchia
680 2547 853 2584 Naelcius
873 2547 1022 2583 Grandia
1044 2559 1074 2583 ω
1106 2547 1255 2584 eandida
1276 2549 1364 2585 Aldi
1386 2549 1637 2585 Tam-iriensis

117 2616 154 2639 a.
190 2603 317 2643 1518,
350 2602 534 2639 Heinsius
564 2601 690 2650 Cypria
720 2603 928 2640 Putselzius
1042 2603 1202 2640 formosa
1231 2605 1274 2641 H
1299 2617 1345 2640 m.
1373 2604 1394 2640 1
1510 2604 1637 2653 Cypria

118 2659 290 2696 Naelcius
311 2658 437 2707 gaudia
458 2665 492 2704 ψ
516 2657 658 2694 brachia
678 2659 766 2695 Aleti
788 2659 1037 2696 Taurinensis
1058 2672 1095 2695 a.
1120 2659 1239 2700 1518,
1261 2672 1286 2695 α
1372 2660 1464 2696 eolla
1486 2660 1586 2697 Colb.
1610 2661 1634 2698 3

181 2715 253 2752 ‘69
283 2717 418 2752 littera
449 2716 587 2751 initiali
615 2717 772 2751 miniata
804 2715 841 2750 B
924 2715 1061 2751 Mavors
1093 2715 1212 2752 fueras
1244 2716 1467 2762 Gronovius,
1501 2717 1634 2755 Peerl-

118 2771 282 2818 kampus
397 2770 450 2808 70
481 2770 556 2806 Hoc
577 2769 622 2806 Ψ
646 2781 727 2807 cum
758 2770 1042 2818 Peerlkampus
1132 2771 1306 2808 uulcanus
1338 2784 1368 2808 ω
1475 2773 1525 2810 71
1559 2778 1635 2808 tur-

117 2826 220 2875 pabat
249 2827 307 2872 H,
349 2827 523 2875 Scaliyer
553 2826 789 2875 turpabatque
818 2832 853 2875 ψ
884 2826 1121 2876 turbabatque
1157 2828 1247 2864 TW
1397 2828 1506 2864 malas
1539 2829 1634 2865 Sea-

209 2900 388 2933 anecx,
416 2901 567 2924 venuit„
594 2901 644 2924 iv.
1318 2889 1366 2939 12
