1884 3126
331 177 355 216 8
910 194 1241 221 PROLEGOMENON

331 298 522 338 acerbitas
553 299 723 339 nondum
762 301 950 347 destituit,
990 307 1031 341 ut
1068 304 1237 342 carmina
1274 305 1313 342 in
1345 304 1600 343 Orbiliumet
1632 305 1816 344 Catonem

329 367 621 414 grammaticum
653 367 926 406 demonstrant.
978 369 1039 420 (cf.
1064 369 1105 407 L.
1130 369 1318 408 Schwahii
1348 375 1510 421 quaestt.
1542 371 1674 410 Catuli.
1707 370 1814 423 307).

440 431 662 471 Familiares
692 433 849 483 Vergilii
894 440 1105 473 occurrunt
1144 436 1183 473 in
1221 436 1338 486 elegis
1375 437 1390 474 1
1429 441 1465 475 et
1503 437 1617 476 VIIII:
1663 439 1703 476 in
1740 438 1815 477 illis

332 497 521 546 Tuccam,
561 500 599 536 in
639 498 699 537 his
737 501 899 539 Varium
940 501 1248 540 ‘dulcissimum’
1288 502 1506 553 adloquitur
1535 508 1668 555 poeta,
1709 506 1816 543 cuius

330 575 457 602 mores
494 577 580 602 cum
610 564 860 621 Vergiliauis‚>
897 568 1076 615 quoniam
1114 569 1274 618 pronior
1312 568 1375 607 ille
1413 570 1452 607 in
1483 582 1626 620 pueros
1657 569 1817 609 libidine

329 629 443 668 fuisse
474 630 624 674 dicitur,
657 633 800 682 optime
831 634 1074 671 conveniunt.
1136 633 1281 672 Deliam
1312 635 1351 672 in
1382 636 1503 685 epigr.
1536 636 1551 674 I
1583 637 1644 674 cui
1675 635 1816 674 Tibulli

330 693 494 734 amicam
525 708 608 735 esse
637 696 775 747 placet,
807 698 910 748 quod
941 703 1070 737 tamen
1100 704 1141 738 ut
1171 701 1338 738 conicias
1361 713 1432 739 nec
1455 713 1595 739 nomen
1619 713 1689 739 nec
1712 701 1814 752 quod

330 774 361 799 v.
382 759 409 799 2
440 761 592 800 ‘limine
624 762 751 801 clausa
782 765 874 802 viri'
906 764 1045 803 dicitur
1077 765 1136 816 (cf.
1168 765 1307 804 Tibulli
1337 765 1410 812 12,
1442 765 1468 805 5
1489 778 1572 816 sqq.
1596 765 1633 821 5,
1657 765 1708 806 67
1731 779 1813 816 sqq.

328 825 365 871 6,
387 825 469 875 34.)
499 829 590 866 satis
620 831 837 878 argumenti
868 835 936 875 est,
969 830 1085 869 malet
1114 831 1278 870 sortasse
1308 831 1415 870 illum
1447 837 1643 871 auctorem
1670 832 1815 871 habere

329 905 442 943 quam
473 894 688 939 Maronem,
722 907 953 946 quamquam
985 909 1033 935 ne
1063 897 1166 936 hunc
1197 898 1348 948 quidem
1380 911 1400 937 a
1431 899 1645 949 puellarum
1676 901 1816 938 amori-

329 959 401 998 bus
437 960 613 999 iuvenem
654 963 811 1000 omnino
841 962 1091 1002 abhorruisse
1122 963 1405 1010 contenderim,
1447 967 1540 1004 artis
1570 977 1661 1004 vero
1693 977 1816 1015 genus

329 1038 348 1063 a
379 1025 521 1064 Tibulli
552 1026 710 1065 mollitie
741 1027 1019 1067 alienissimum
1051 1034 1122 1067 est.
1650 1036 1654 1040 '

439 1091 590 1130 Nullam
622 1106 773 1132 causam
806 1106 891 1133 esse
923 1093 1109 1146 Hauptius
1138 1095 1216 1134 ind.
1250 1095 1353 1134 lectt.
1377 1095 1516 1134 Beroll.
1541 1094 1696 1149 1858s9
1725 1098 1818 1137 dicit

329 1159 421 1209 quin
452 1158 654 1197 credamus
675 1159 832 1209 Vergilii
863 1172 946 1199 esse
978 1160 1132 1211 elegans
1155 1162 1375 1212 poemation
1397 1162 1513 1206 XIIII,
1545 1164 1582 1201 in
1611 1176 1686 1214 quo
1709 1165 1817 1203 cuius

329 1229 492 1263 mortem
523 1237 543 1263 a
574 1225 775 1264 calumniis
813 1226 978 1266 vindicat
1016 1227 1199 1266 Octavius
1235 1239 1312 1265 non
1341 1231 1470 1278 potest
1499 1233 1648 1267 tantum
1679 1230 1815 1279 putari,

329 1290 394 1329 sed
427 1291 633 1330 admodum
669 1291 921 1343 probabiliter
951 1306 972 1332 a
1000 1293 1115 1332 Petro
1146 1292 1315 1332 Victorio
1346 1306 1423 1332 var.
1456 1293 1541 1333 lect.
1574 1294 1674 1334 VIIII
1705 1295 1726 1335 7
1759 1298 1815 1334 in-

329 1356 522 1406 tellegitur
551 1358 700 1396 Horatii
731 1358 944 1403 familiaris,
978 1360 1041 1410 qui
1071 1360 1111 1397 in
1141 1371 1256 1398 serm.
1289 1359 1304 1397 1
1337 1357 1406 1403 10,
1438 1357 1490 1399 82
1528 1360 1684 1412 (scripto
1714 1363 1815 1400 intra

329 1435 451 1461 annos
481 1421 560 1462 716
591 1429 629 1462 et
659 1422 750 1475 725)
796 1425 909 1463 simul
953 1437 1036 1463 cum
1077 1425 1200 1463 Plotio
1238 1426 1350 1463 Vario
1390 1426 1611 1465 Maecenate
1648 1427 1816 1478 Vergilio

330 1488 460 1539 Valgio
498 1489 660 1540 aliisque
697 1492 828 1530 amicis
866 1489 1203 1530 commemoratur.
1263 1503 1351 1529 nam
1390 1491 1490 1542 quod
1529 1497 1689 1543 propter
1728 1506 1759 1531 v.
1792 1491 1816 1531 8

330 1560 370 1593 ut
412 1555 559 1594 videtur
596 1557 781 1608 Hauptius
819 1556 842 1595 l.
882 1557 908 1596 l.
954 1558 1085 1596 statuit
1129 1558 1291 1596 sortasse
1335 1556 1455 1596 filium
1499 1558 1601 1597 illius
1646 1560 1815 1598 carmine

330 1626 462 1660 nostro
502 1622 654 1667 desseri,
692 1624 866 1674 ineptum
903 1623 1091 1667 dicerem,
1133 1625 1166 1661 si
1202 1624 1346 1662 rustice
1383 1623 1491 1673 loqui
1526 1623 1708 1680 placeret.
1769 1637 1815 1663 an

329 1689 413 1738 quis
451 1688 585 1727 credet
621 1690 741 1740 patris
784 1691 947 1728 amicum
987 1695 1024 1728 et
1063 1689 1280 1738 aequalem,
1326 1694 1368 1727 ut
1406 1702 1451 1727 ex
1489 1690 1636 1728 Horatii
1672 1689 1755 1729 loco
1793 1691 1815 1730 l.

329 1756 455 1793 conici
485 1767 555 1805 par
586 1760 661 1800 est,
697 1757 941 1805 quantumvis
972 1754 1150 1793 dilexerit
1179 1754 1320 1799 filium,
1360 1755 1441 1793 vivo
1478 1761 1588 1806 patre
1625 1757 1665 1794 in
1702 1757 1816 1795 huius

328 1820 473 1859 scilicet
514 1820 692 1860 solatium
739 1821 914 1860 versibus
949 1827 1174 1872 questurum
1206 1822 1323 1860 fuisse
1362 1821 1461 1872 quod
1503 1821 1593 1861 huic
1629 1825 1815 1873 supersti-

328 1892 406 1925 tem
437 1899 521 1926 esse
551 1887 668 1926 filium
708 1889 903 1938 ‘perversi
933 1891 1090 1926 manes’
1128 1887 1372 1925 inviderunt?
1408 1888 1526 1925 immo
1565 1887 1652 1927 talia
1687 1890 1814 1939 inpre—

329 1957 436 1991 catur
473 1955 592 2003 patri,
631 1955 693 1992 cui
727 1953 888 1992 dilectus
925 1953 1041 1998 filius,
1089 1966 1226 1992 exosus
1262 1958 1372 2004 pater
1411 1958 1487 1998 est,
1528 1959 1570 1992 ut
1605 1954 1712 1993 illum
1751 1957 1817 2004 qui

328 2031 416 2058 cum
446 2019 614 2070 Vergilio
644 2019 801 2059 Horatio
833 2021 1050 2069 ceterisque
1085 2021 1217 2058 amicis
1247 2018 1383 2070 pocula
1421 2019 1586 2059 ducebat
1616 2020 1814 2060 Octavium

327 2087 434 2136 parci
472 2092 510 2124 et
538 2088 658 2125 tristis
690 2092 727 2125 et
756 2099 777 2124 a
805 2086 923 2125 Musis
959 2086 1091 2131 alieni,
1132 2097 1224 2136 ergo
1261 2087 1375 2126 invisi
1410 2091 1614 2137 poetarum
1654 2087 1815 2137 collegio

329 2154 432 2191 senis
470 2159 602 2192 natum
632 2154 749 2192 fuisse
780 2154 969 2204 suspicer.

416 2206 538 2258 vDicit
567 2225 696 2259 autem
726 2221 766 2258 in
795 2219 949 2259 laudem
980 2220 1123 2258 mortui
1153 2223 1267 2269 poeta
1297 2218 1392 2256 haec
1423 2219 1468 2268 (v.
1499 2215 1525 2258 5
1555 2218 1649 2270 sq.):

527 2322 658 2369 scripta
688 2322 826 2369 quidem
858 2326 916 2357 tua
946 2333 1012 2357 nos
1042 2321 1193 2356 multum
1222 2319 1429 2356 mirabimur
1458 2325 1494 2355 et
1524 2325 1557 2355 te

593 2382 730 2424 raptum
762 2382 798 2413 et
826 2377 1015 2412 Romanam
1045 2376 1204 2412 flebimus
1234 2375 1429 2411 historiam.

328 2474 433 2524 atqui
471 2473 733 2512 doctissimum
771 2473 969 2511 hominem
1001 2479 1038 2512 et
1065 2473 1182 2512 Musis
1220 2473 1460 2511 carissimum
1500 2471 1704 2511 cumulatis
1734 2472 1814 2510 lau-

329 2538 442 2578 dibus
480 2545 517 2578 et
546 2540 703 2578 iuvenili
742 2551 874 2578 amore
913 2539 1003 2577 colit
1042 2539 1328 2590 epigrammatis
1364 2539 1539 2589 proxime
1576 2537 1811 2588 praeceden-

327 2606 374 2642 tis
407 2603 524 2654 (XIII)
568 2611 720 2651 auctor,
768 2610 805 2644 et
841 2604 947 2643 illum
987 2617 1140 2656 quoque
1177 2604 1426 2643 historiarum
1464 2605 1690 2655 scriptorem
1729 2616 1814 2642 esse

329 2670 469 2709 docent
499 2683 631 2710 versus
662 2669 687 2709 9
708 2684 776 2722 sq.:

531 2774 550 2796 o
580 2761 659 2808 quis
692 2767 725 2797 te
755 2763 791 2797 in
823 2762 926 2798 terris
958 2761 1120 2808 loquitur
1150 2761 1322 2798 iucundor
1353 2761 1448 2797 uno?

596 2816 671 2853 Clio
702 2822 770 2852 tam
801 2822 896 2853 certe
927 2816 1071 2853 candida
1101 2827 1170 2853 non
1200 2816 1369 2864 loquitur.
