1884 3126
347 156 396 199 18
927 172 1256 203 PROLEGOMENON

342 287 695 322 commemorantur
731 284 844 322 situm
883 289 1016 322 auctor
1052 286 1234 335 poematii
1272 285 1394 323 nostri
1431 296 1567 336 parum
1606 285 1829 335 cognovisse

342 347 503 386 videtur.
560 350 599 387 in
630 349 765 388 eodem
804 351 940 388 merito
978 351 1204 401 vituperavit
1234 350 1401 389 Naekius
1432 351 1510 389 Cat.
1542 364 1580 402 p.
1610 349 1689 390 237
1723 351 1828 390 ‘lou-

341 414 549 463 gitudinem
581 415 742 459 exordii,
776 414 973 454 doctrinae
1004 418 1298 455 ostentationem
1329 421 1405 455 tam
1435 418 1476 454 iu
1507 417 1762 468 disputatione
1781 417 1828 455 de

341 480 493 530 Scyllis,
526 480 573 518 ‹le
604 481 883 526 Britomartide‚
915 494 1029 533 quam
1059 483 1340 534 geographicae
1373 482 1599 522 eruditionis
1629 484 1758 534 copias
1789 485 1826 522 in

341 547 512 585 carmine
550 553 742 591 extremo,
783 547 949 597 denique
980 548 1162 600 colloquii
1191 549 1339 600 Scyllae
1371 561 1458 588 eum
1489 550 1639 587 nutriCe
1670 554 1707 587 et
1736 562 1827 600 que-

340 611 506 650 relarum
538 612 706 664 Scyllae,
748 612 838 651 dum
868 613 1049 660 trahitur,
1089 615 1366 666 longitudinem
1399 621 1511 665 atque
1541 615 1826 660 abundantiam,

339 690 407 728 per
450 690 563 729 quam
602 679 643 716 fit
680 684 722 716 ut
757 679 855 717 actio
896 680 990 730 ipsa,
1036 681 1073 719 h.
1107 694 1138 720 e.
1180 682 1329 720 facinus
1367 681 1514 732 Scyllae
1558 682 1826 731 excidiumque

337 744 535 793 Megarae‚
580 745 822 794 paucissimis
859 744 1076 785 absolvatur
1114 753 1151 785 et
1188 749 1296 799 quasi
1326 747 1561 787 delitescat'.
1619 748 1685 786 sed
1724 748 1824 786 idem

339 811 511 860 egregios
548 811 586 848 iu
617 810 862 849 sermonibus
893 811 1040 863 Scyllae
1077 814 1234 852 affectus
1265 820 1303 852 et
1339 814 1416 852 stili
1447 814 1672 864 elegantiam
1704 814 1825 852 multo

337 877 522 915 maiorem
552 887 664 925 quarn
694 877 733 914 in
765 877 887 916 culice
917 876 1092 917 laudavit.
1137 891 1368 930 quamquam
1398 879 1456 918 vel
1485 881 1524 918 in
1553 879 1715 929 singulis
1735 886 1825 918 sunt

337 954 433 992 quae
471 941 628 993 probari
666 954 743 980 non
779 944 945 993 possint:
988 958 1020 983 e.
1053 957 1088 995 g.
1121 946 1224 996 quod
1254 958 1288 984 v.
1320 944 1374 984 84
1411 948 1612 984 ‘votorum
1650 951 1823 984 avertere

336 1010 525 1059 poenam’
556 1021 647 1047 ausa
678 1009 819 1048 dicitur
849 1020 944 1059 quae
975 1010 1102 1049 debita
1134 1011 1315 1049 mercede
1336 1012 1526 1050 Venerem
1553 1012 1753 1056 fraudavit,
1787 1017 1825 1049 et

339 1087 371 1112 v.
403 1073 485 1113 320
521 1075 753 1114 ‘candentes
786 1106 793 1113 .
828 1106 835 1113 .
871 1106 878 1113 .
912 1079 1064 1115 eanos'.
1133 1077 1180 1115 de
1219 1077 1492 1127 particularum
1531 1090 1601 1116 usu
1640 1078 1765 1116 alieno
1804 1090 1822 1116 a

335 1141 614 1179 consuetudine
644 1141 862 1191 Vergiliana
894 1143 940 1180 cf.
974 1143 1154 1181 iacobum
1185 1143 1231 1181 ad
1264 1143 1377 1194 Prop.
1410 1156 1447 1193 p.
1481 1141 1558 1182 165
1579 1155 1634 1193 sq.
1668 1145 1720 1192 (in
1752 1143 1823 1181 Sil-

336 1207 413 1257 ligii
444 1208 631 1257 epimetro
662 1219 696 1257 p.
731 1205 808 1246 143
838 1207 909 1259 sq.)
943 1214 980 1246 et
1009 1208 1214 1260 Ilauptium
1245 1209 1344 1248 obss.
1379 1210 1478 1248 critt.
1510 1223 1546 1260 p.
1577 1207 1631 1248 48

446 1405 601 1446 Nullum
635 1418 679 1445 ex
711 1406 889 1446 omnibus
925 1406 1121 1458 opusculis
1164 1412 1352 1459 quotquot
1388 1408 1565 1447 seruntur
1594 1405 1822 1458 Vergilianis

335 1474 645 1511 testimoniorum
684 1474 868 1522 gravitate
907 1474 1052 1512 certius
1081 1473 1228 1512 Maroni
1261 1475 1471 1512 vindicatur
1502 1486 1615 1523 quam
1654 1475 1818 1513 Culex.

333 1541 441 1578 cuius
473 1544 625 1588 praeter
655 1551 796 1577 annum
827 1540 986 1589 originis
1016 1544 1284 1589 argumentum
1315 1541 1431 1578 etiam
1453 1540 1635 1579 Suetonio
1664 1544 1821 1578 auctore

333 1605 539 1643 adumbrat
569 1605 738 1643 Donatus
767 1606 808 1642 in
840 1606 911 1643 vita
943 1618 979 1656 p.
1011 1603 1064 1644 58
1094 1605 1136 1644 R.
1166 1605 1241 1644 tale
1272 1605 1383 1655 quale
1414 1618 1517 1644 nunc
1547 1605 1707 1655 legimus
1738 1617 1820 1643 ver-

333 1671 439 1709 sibus
471 1676 716 1709 exornatum:
749 1666 960 1710 ‘culicem'
993 1671 1162 1722 (scripsit
1183 1671 1398 1723 Vergilius),
1431 1675 1541 1710 ‘eum
1574 1676 1674 1710 esset
1701 1683 1820 1710 anuo-

334 1750 419 1776 rum
451 1737 532 1776 XVI
573 1737 650 1787 (XV
679 1737 843 1788 Sana),
889 1738 998 1776 euius
1036 1738 1194 1776 materia
1232 1738 1318 1776 talis
1355 1742 1430 1776 est:
1475 1742 1606 1788 pastor
1643 1738 1822 1787 fatigatus

332 1808 437 1841 aestu
483 1816 572 1841 eum
616 1801 688 1841 sub
732 1803 871 1841 arbore
916 1803 1198 1842 condormisset
1235 1808 1272 1842 et
1307 1815 1468 1854 serpens
1505 1803 1550 1841 ad
1588 1802 1695 1841 illum
1732 1816 1820 1853 pro-

332 1874 488 1919 reperet
517 1881 537 1906 e
568 1868 726 1919 palude,
766 1869 877 1908 culex
907 1869 1120 1920 provolavit
1149 1874 1262 1920 atque
1291 1871 1392 1908 inter
1422 1869 1499 1907 (luo
1529 1874 1701 1920 tempora
1732 1882 1819 1907 acu-

332 1934 432 1973 leum
463 1935 544 1972 fixit
573 1936 727 1985 pastori.
789 1940 826 1973 at
854 1935 918 1973 ille
950 1936 1130 1973 continuo
1162 1935 1324 1974 culicem
1355 1936 1496 1974 attrivit
1533 1939 1571 1973 et
1600 1941 1817 1986 serpentem

330 2001 528 2038 interemit
557 2013 601 2039 ac
630 2000 878 2051 sepulchrum
910 2001 1022 2039 culici
1051 2002 1182 2040 statuit
1202 2008 1240 2040 et
1261 2001 1451 2040 distichon
1475 2001 1564 2039 feeit
1586 1998 1685 2051 [413
1705 1999 1817 2052 sq.]’.

332 2078 417 2104 nam
450 2066 550 2117 quod
581 2068 773 2105 somnium
804 2068 989 2118 pastoris,
1021 2069 1139 2106 visam
1169 2067 1301 2106 culicis
1330 2067 1506 2106 umbram
1538 2067 1695 2117 eiusque
1725 2078 1817 2116 que-

329 2131 444 2170 rellas
475 2137 512 2170 et
532 2132 683 2171 Tartari
715 2133 1014 2184 descriptionem
1045 2139 1252 2184 excerptor
1283 2145 1472 2172 summam
1505 2133 1687 2172 historiae
1710 2146 1818 2184 spee-

330 2206 416 2236 tans
447 2200 595 2247 omisit,
634 2199 815 2250 prudenti
846 2201 990 2237 nemini
1021 2199 1297 2239 dubitationem
1327 2199 1506 2238 movebit.
1557 2198 1675 2238 multo
1705 2200 1817 2238 etiam

332 2265 484 2303 brevius
514 2264 635 2303 Focas
668 2277 699 2303 V.
731 2263 786 2304 60
821 2265 933 2304 ‘hinc
972 2264 1105 2304 culicis
1145 2267 1251 2305 tenui
1287 2266 1452 2317 prolusit
1492 2264 1626 2303 funera
1664 2268 1815 2309 versu',

330 2332 368 2368 in
399 2330 539 2381 quibus
569 2333 744 2380 prolusit
780 2331 939 2370 verbum
969 2336 1011 2369 ut
1039 2331 1162 2370 simile
1201 2331 1476 2382 ‘praeluserit’
1515 2343 1535 2368 a
1566 2330 1686 2368 Statio
1716 2331 1817 2381 posi-

331 2401 410 2434 tum
441 2397 480 2433 in
517 2397 637 2446 praefi.
670 2397 715 2435 ad
746 2396 926 2436 silvarum
957 2396 1022 2435 lib.
1054 2397 1070 2435 Ι
1107 2397 1197 2435 ‘sed
1229 2402 1267 2436 et
1296 2397 1457 2435 culicem
1494 2394 1655 2445 legimus
1685 2400 1723 2434 et
1752 2394 1815 2433 ba-

331 2461 743 2513 traehomyomachiam
775 2464 888 2502 etiam
919 2464 1173 2513 agnoscimus,
1207 2475 1277 2502 nec
1308 2463 1517 2512 quisquam
1534 2466 1590 2499 est
1609 2460 1815 2500 illustrium

330 2533 551 2579 poetarum,
590 2530 654 2579 qui
684 2540 760 2567 non
792 2527 934 2578 aliquid
966 2529 1149 2579 operibus
1179 2529 1258 2567 suis
1287 2527 1374 2566 stilo
1404 2527 1625 2566 remissiore
1650 2528 1815 2576 praela·
1870 2539 1877 2547 ·

329 2595 444 2631 serit’
484 2592 582 2643 (coll.
613 2594 748 2633 culicis
777 2605 815 2634 v,
845 2593 879 2631 1.
911 2592 950 2632 3.
982 2592 1047 2644 35)
1081 2597 1333 2643 prolusiones
1370 2605 1465 2643 quas
1501 2591 1703 2631 Diomedes
1732 2592 1755 2630 l.
1790 2592 1812 2631 1.

330 2658 459 2697 laudat
505 2659 663 2710 Vergilii
713 2661 751 2698 in
796 2660 1022 2698 memoriam
1069 2665 1224 2700 revocat
1283 2659 1342 2711 (cf.
1383 2658 1549 2698 Naekius
1590 2659 1626 2696 in
1671 2658 1814 2696 Catone

330 2738 367 2775 p.
398 2722 505 2772 224).
557 2727 661 2764 novit
690 2738 824 2776 poema
858 2726 938 2764 eius
968 2726 1130 2764 culicem
1160 2726 1355 2769 Lucanus,
1394 2725 1458 2776 qui
1487 2725 1546 2762 ‘in
1577 2723 1814 2774 praefatione

330 2790 493 2841 quadam
532 2796 695 2829 aetatem
734 2796 770 2829 et
808 2793 913 2829 initia
951 2804 1018 2830 sua
1050 2804 1135 2830 eum
1167 2791 1335 2841 Vergilio
1365 2801 1592 2840 comparans
1623 2801 1735 2827 ausus
1764 2789 1816 2827 sit
