<?xml version="1.0" encoding="UTF-8"?>
<!DOCTYPE html PUBLIC "-//W3C//DTD XHTML 1.0 Transitional//EN"
    "http://www.w3.org/TR/xhtml1/DTD/xhtml1-transitional.dtd">
<html xmlns="http://www.w3.org/1999/xhtml" xml:lang="en" lang="en">
 <head>
  <title>
</title>
<meta http-equiv="Content-Type" content="text/html;charset=utf-8" />
  <meta name='ocr-system' content='tesseract 3.04.00' />
  <meta name='ocr-capabilities' content='ocr_page ocr_carea ocr_par ocr_line ocrx_word'/>
</head>
<body>
  <div class='ocr_page' id='page_1' title='image "./operavirg04virguoft_0195.png"; bbox 0 0 1884 3126; ppageno 0'>
   <div class='ocr_carea' id='block_1_1' title="bbox 115 107 1599 436">
    <p class='ocr_par' dir='ltr' id='par_1_1' title="bbox 115 107 1599 436">
     <span class='ocr_line' id='line_1_1' title="bbox 767 107 1599 152; baseline -0.004 -1"><span class='ocrx_word' id='word_1_1' title='bbox 767 124 909 152; x_wconf 71' lang='lat' dir='ltr'>mmm.</span> <span class='ocrx_word' id='word_1_2' title='bbox 1519 107 1599 149; x_wconf 75' lang='lat'>175</span> 
     </span>
     <span class='ocr_line' id='line_1_2' title="bbox 815 165 938 238; baseline -0.008 0"><span class='ocrx_word' id='word_1_3' title='bbox 815 165 938 238; x_wconf 53' lang='grc' dir='ltr'>μῖϋ</span> 
     </span>
     <span class='ocr_line' id='line_1_3' title="bbox 115 233 1173 294; baseline -0.008 -14"><span class='ocrx_word' id='word_1_4' title='bbox 115 237 150 294; x_wconf 78' lang='grc' dir='ltr'>γ’</span> <span class='ocrx_word' id='word_1_5' title='bbox 195 244 234 279; x_wconf 84' lang='lat' dir='ltr'>et</span> <span class='ocrx_word' id='word_1_6' title='bbox 265 244 375 292; x_wconf 82' lang='lat' dir='ltr'>pater</span> <span class='ocrx_word' id='word_1_7' title='bbox 405 237 622 278; x_wconf 87' lang='lat' dir='ltr'>haedorum</span> <span class='ocrx_word' id='word_1_8' title='bbox 653 235 743 276; x_wconf 81' lang='lat' dir='ltr'>felix</span> <span class='ocrx_word' id='word_1_9' title='bbox 774 246 1011 287; x_wconf 78' lang='lat' dir='ltr'><strong>semperque</strong></span> <span class='ocrx_word' id='word_1_10' title='bbox 1042 233 1173 273; x_wconf 84' lang='lat' dir='ltr'>beate!</span> 
     </span>
     <span class='ocr_line' id='line_1_4' title="bbox 192 301 1599 365; baseline -0.008 -12"><span class='ocrx_word' id='word_1_11' title='bbox 192 315 272 352; x_wconf 84' lang='lat' dir='ltr'>sive</span> <span class='ocrx_word' id='word_1_12' title='bbox 303 314 404 365; x_wconf 85' lang='lat' dir='ltr'>petis</span> <span class='ocrx_word' id='word_1_13' title='bbox 435 316 589 351; x_wconf 85' lang='lat' dir='ltr'>montes</span> <span class='ocrx_word' id='word_1_14' title='bbox 619 301 872 363; x_wconf 71' lang='lat' dir='ltr'>praeruptos,</span> <span class='ocrx_word' id='word_1_15' title='bbox 904 319 996 347; x_wconf 81' lang='lat' dir='ltr'>saxa</span> <span class='ocrx_word' id='word_1_16' title='bbox 1027 318 1252 359; x_wconf 72' lang='lat' dir='ltr'>pererrans,</span> <span class='ocrx_word' id='word_1_17' title='bbox 1489 307 1599 354; x_wconf 68' lang='lat'>(1:343)</span> 
     </span>
     <span class='ocr_line' id='line_1_5' title="bbox 192 380 1178 436; baseline -0.011 -10"><span class='ocrx_word' id='word_1_18' title='bbox 192 388 272 426; x_wconf 79' lang='lat' dir='ltr'>sive</span> <span class='ocrx_word' id='word_1_19' title='bbox 304 386 374 426; x_wconf 90' lang='lat' dir='ltr'>tibi</span> <span class='ocrx_word' id='word_1_20' title='bbox 403 385 508 424; x_wconf 86' lang='lat' dir='ltr'>silvis</span> <span class='ocrx_word' id='word_1_21' title='bbox 540 397 637 424; x_wconf 82' lang='lat' dir='ltr'>nova</span> <span class='ocrx_word' id='word_1_22' title='bbox 667 382 811 436; x_wconf 85' lang='lat' dir='ltr'>pabula</span> <span class='ocrx_word' id='word_1_23' title='bbox 843 380 1017 421; x_wconf 79' lang='lat' dir='ltr'>fastidire</span> <span class='ocrx_word' id='word_1_24' title='bbox 1036 391 1178 416; x_wconf 46' lang='lat' dir='ltr'>aee-stu</span> 
     </span>
    </p>
   </div>
   <div class='ocr_carea' id='block_1_2' title="bbox 106 461 1444 579">
    <p class='ocr_par' dir='ltr' id='par_1_2' title="bbox 106 461 1444 579">
     <span class='ocr_line' id='line_1_6' title="bbox 106 461 1444 579; baseline -0.007 -41"><span class='ocrx_word' id='word_1_25' title='bbox 106 495 150 552; x_wconf 75' lang='lat'>7&#39;&#39;</span> <span class='ocrx_word' id='word_1_26' title='bbox 194 500 274 539; x_wconf 83' lang='lat' dir='ltr'>sive</span> <span class='ocrx_word' id='word_1_27' title='bbox 300 461 596 579; x_wconf 41' lang='grc' dir='ltr'>Ϊὲιέὶίξῶἦῖᾧίεε</span> <span class='ocrx_word' id='word_1_28' title='bbox 631 501 761 535; x_wconf 88' lang='lat' dir='ltr'>tecum</span> <span class='ocrx_word' id='word_1_29' title='bbox 792 501 857 535; x_wconf 84' lang='lat' dir='ltr'>tua</span> <span class='ocrx_word' id='word_1_30' title='bbox 889 493 987 533; x_wconf 85' lang='lat' dir='ltr'>laeta</span> <span class='ocrx_word' id='word_1_31' title='bbox 1021 492 1169 545; x_wconf 87' lang='lat' dir='ltr'>capella</span> <span class='ocrx_word' id='word_1_32' title='bbox 1203 496 1275 530; x_wconf 81' lang='lat' dir='ltr'>est.</span> <span class='ocrx_word' id='word_1_33' title='bbox 1294 486 1409 539; x_wconf 41' lang='lat'>3⁴⁹1*</span> <span class='ocrx_word' id='word_1_34' title='bbox 1421 477 1444 492; x_wconf 37' lang='grc' dir='ltr'><em>β</em></span> 
     </span>
    </p>
   </div>
   <div class='ocr_carea' id='block_1_3' title="bbox 194 556 1600 624">
    <p class='ocr_par' dir='ltr' id='par_1_3' title="bbox 194 556 1600 624">
     <span class='ocr_line' id='line_1_7' title="bbox 194 556 1600 624; baseline -0.007 -12"><span class='ocrx_word' id='word_1_35' title='bbox 194 579 232 612; x_wconf 85' lang='lat' dir='ltr'>et</span> <span class='ocrx_word' id='word_1_36' title='bbox 262 585 346 612; x_wconf 88' lang='lat' dir='ltr'>mas</span> <span class='ocrx_word' id='word_1_37' title='bbox 375 556 613 624; x_wconf 57' lang='lat' dir='ltr'>quicumque</span> <span class='ocrx_word' id='word_1_38' title='bbox 645 574 721 615; x_wconf 81' lang='lat' dir='ltr'>est,</span> <span class='ocrx_word' id='word_1_39' title='bbox 753 569 810 608; x_wconf 83' lang='lat' dir='ltr'>illi</span> <span class='ocrx_word' id='word_1_40' title='bbox 839 581 907 608; x_wconf 83' lang='lat' dir='ltr'>sua</span> <span class='ocrx_word' id='word_1_41' title='bbox 940 568 1083 606; x_wconf 80' lang='lat' dir='ltr'>semina</span> <span class='ocrx_word' id='word_1_42' title='bbox 1113 567 1246 614; x_wconf 83' lang='lat' dir='ltr'>iuncta</span> <span class='ocrx_word' id='word_1_43' title='bbox 1548 565 1600 602; x_wconf 73' lang='lat'>35</span> 
     </span>
    </p>
   </div>
   <div class='ocr_carea' id='block_1_4' title="bbox 193 642 1106 735">
    <p class='ocr_par' dir='ltr' id='par_1_4' title="bbox 193 642 1106 735">
     <span class='ocr_line' id='line_1_8' title="bbox 193 642 1106 734; baseline -0.007 -48"><span class='ocrx_word' id='word_1_44' title='bbox 193 645 463 734; x_wconf 51' lang='grc' dir='ltr'>ἰηξθνρὲὓεῑοε</span> <span class='ocrx_word' id='word_1_45' title='bbox 494 655 708 696; x_wconf 82' lang='lat' dir='ltr'>numquam</span> <span class='ocrx_word' id='word_1_46' title='bbox 739 642 906 695; x_wconf 85' lang='lat' dir='ltr'>ploravit</span> <span class='ocrx_word' id='word_1_47' title='bbox 935 653 1106 681; x_wconf 85' lang='lat' dir='ltr'>amores.</span> 
     </span>
     <span class='ocr_line' id='line_1_9' title="bbox 214 707 395 735; baseline 0.011 -7"><span class='ocrx_word' id='word_1_48' title='bbox 214 707 319 731; x_wconf 41' lang='grc' dir='ltr'>νήτῃ</span> <span class='ocrx_word' id='word_1_49' title='bbox 347 710 395 735; x_wconf 52' lang='lat'>112,</span> 
     </span>
    </p>
   </div>
   <div class='ocr_carea' id='block_1_5' title="bbox 92 743 1604 1099">
    <p class='ocr_par' dir='ltr' id='par_1_5' title="bbox 92 743 1604 1099">
     <span class='ocr_line' id='line_1_10' title="bbox 92 743 1603 804; baseline -0.007 -6"><span class='ocrx_word' id='word_1_50' title='bbox 92 758 149 797; x_wconf 81' lang='grc' dir='ltr'>Γδ</span> <span class='ocrx_word' id='word_1_51' title='bbox 194 758 302 804; x_wconf 84' lang='lat' dir='ltr'>Quor</span> <span class='ocrx_word' id='word_1_52' title='bbox 333 770 411 797; x_wconf 90' lang='lat' dir='ltr'>non</span> <span class='ocrx_word' id='word_1_53' title='bbox 443 763 481 797; x_wconf 89' lang='lat' dir='ltr'>et</span> <span class='ocrx_word' id='word_1_54' title='bbox 511 755 626 796; x_wconf 83' lang='lat' dir='ltr'>nohis</span> <span class='ocrx_word' id='word_1_55' title='bbox 657 754 798 801; x_wconf 78' lang='lat' dir='ltr'>facilis,</span> <span class='ocrx_word' id='word_1_56' title='bbox 832 743 1001 798; x_wconf 50' lang='lat' dir='ltr'>naturas</span> <span class='ocrx_word' id='word_1_57' title='bbox 1025 752 1155 791; x_wconf 78' lang='lat' dir='ltr'>suisti?</span> <span class='ocrx_word' id='word_1_58' title='bbox 1491 751 1603 800; x_wconf 72' lang='lat'>(140)</span> 
     </span>
     <span class='ocr_line' id='line_1_11' title="bbox 194 825 1277 884; baseline -0.007 -13"><span class='ocrx_word' id='word_1_59' title='bbox 194 844 294 884; x_wconf 91' lang='lat' dir='ltr'>quor</span> <span class='ocrx_word' id='word_1_60' title='bbox 325 843 396 882; x_wconf 84' lang='lat' dir='ltr'>ego</span> <span class='ocrx_word' id='word_1_61' title='bbox 427 829 787 881; x_wconf 85' lang='lat' dir='ltr'>crudelem·patior</span> <span class='ocrx_word' id='word_1_62' title='bbox 818 833 895 867; x_wconf 86' lang='lat' dir='ltr'>tam</span> <span class='ocrx_word' id='word_1_63' title='bbox 927 839 1044 878; x_wconf 81' lang='lat' dir='ltr'>saepe</span> <span class='ocrx_word' id='word_1_64' title='bbox 1075 825 1277 865; x_wconf 75' lang='lat' dir='ltr'>dolorem?</span> 
     </span>
     <span class='ocr_line' id='line_1_12' title="bbox 193 877 1361 956; baseline -0.007 -12"><span class='ocrx_word' id='word_1_65' title='bbox 193 877 423 956; x_wconf 52' lang='lat' dir='ltr'>siderafflfissi·</span> <span class='ocrx_word' id='word_1_66' title='bbox 454 877 616 951; x_wconf 48' lang='lat' dir='ltr'>vfifflldelsm</span> <span class='ocrx_word' id='word_1_67' title='bbox 647 892 818 942; x_wconf 79' lang='lat' dir='ltr'>redeunt</span> <span class='ocrx_word' id='word_1_68' title='bbox 848 913 967 952; x_wconf 89' lang='lat' dir='ltr'>quom</span> <span class='ocrx_word' id='word_1_69' title='bbox 997 899 1140 952; x_wconf 86' lang='lat' dir='ltr'>pallida</span> <span class='ocrx_word' id='word_1_70' title='bbox 1172 898 1361 938; x_wconf 86' lang='lat' dir='ltr'>muudum</span> 
     </span>
     <span class='ocr_line' id='line_1_13' title="bbox 196 972 1604 1036; baseline -0.006 -20"><span class='ocrx_word' id='word_1_71' title='bbox 196 979 313 1031; x_wconf 88' lang='lat' dir='ltr'>inque</span> <span class='ocrx_word' id='word_1_72' title='bbox 346 978 467 1017; x_wconf 90' lang='lat' dir='ltr'>vicem</span> <span class='ocrx_word' id='word_1_73' title='bbox 498 977 819 1036; x_wconf 51' lang='lat' dir='ltr'>Phoebissurrus</span> <span class='ocrx_word' id='word_1_74' title='bbox 849 975 957 1025; x_wconf 82' lang='lat' dir='ltr'>fugat</span> <span class='ocrx_word' id='word_1_75' title='bbox 987 985 1131 1013; x_wconf 82' lang='lat' dir='ltr'>aureus</span> <span class='ocrx_word' id='word_1_76' title='bbox 1162 972 1283 1016; x_wconf 82' lang='lat' dir='ltr'>orbis,</span> <span class='ocrx_word' id='word_1_77' title='bbox 1549 972 1604 1009; x_wconf 71' lang='lat'>40</span> 
     </span>
     <span class='ocr_line' id='line_1_14' title="bbox 196 1046 1419 1099; baseline -0.007 -8"><span class='ocrx_word' id='word_1_78' title='bbox 196 1052 324 1099; x_wconf 87' lang='lat' dir='ltr'>Luna,</span> <span class='ocrx_word' id='word_1_79' title='bbox 359 1055 448 1090; x_wconf 84' lang='lat' dir='ltr'>tuus</span> <span class='ocrx_word' id='word_1_80' title='bbox 478 1056 608 1090; x_wconf 88' lang='lat' dir='ltr'>tecum</span> <span class='ocrx_word' id='word_1_81' title='bbox 639 1055 716 1088; x_wconf 87' lang='lat' dir='ltr'>est:</span> <span class='ocrx_word' id='word_1_82' title='bbox 749 1060 820 1088; x_wconf 87' lang='lat' dir='ltr'>cur</span> <span class='ocrx_word' id='word_1_83' title='bbox 851 1060 929 1086; x_wconf 82' lang='lat' dir='ltr'>non</span> <span class='ocrx_word' id='word_1_84' title='bbox 962 1051 1022 1087; x_wconf 89' lang='lat' dir='ltr'>est</span> <span class='ocrx_word' id='word_1_85' title='bbox 1052 1051 1091 1085; x_wconf 87' lang='lat' dir='ltr'>et</span> <span class='ocrx_word' id='word_1_86' title='bbox 1120 1058 1206 1085; x_wconf 85' lang='lat' dir='ltr'>mea</span> <span class='ocrx_word' id='word_1_87' title='bbox 1239 1046 1419 1084; x_wconf 72' lang='lat' dir='ltr'>mecum?</span> 
     </span>
    </p>
   </div>
   <div class='ocr_carea' id='block_1_6' title="bbox 195 1119 1603 1175">
    <p class='ocr_par' dir='ltr' id='par_1_6' title="bbox 195 1119 1603 1175">
     <span class='ocr_line' id='line_1_15' title="bbox 195 1119 1603 1175; baseline -0.007 -11"><span class='ocrx_word' id='word_1_88' title='bbox 195 1125 324 1170; x_wconf 89' lang='lat' dir='ltr'>Luna,</span> <span class='ocrx_word' id='word_1_89' title='bbox 357 1123 468 1163; x_wconf 90' lang='lat' dir='ltr'>dolor</span> <span class='ocrx_word' id='word_1_90' title='bbox 498 1125 601 1163; x_wconf 86' lang='lat' dir='ltr'>nosti</span> <span class='ocrx_word' id='word_1_91' title='bbox 629 1121 720 1175; x_wconf 86' lang='lat' dir='ltr'>quid</span> <span class='ocrx_word' id='word_1_92' title='bbox 752 1123 820 1161; x_wconf 87' lang='lat' dir='ltr'>sit:</span> <span class='ocrx_word' id='word_1_93' title='bbox 855 1122 1044 1160; x_wconf 83' lang='lat' dir='ltr'>miserere</span> <span class='ocrx_word' id='word_1_94' title='bbox 1076 1119 1260 1158; x_wconf 85' lang='lat' dir='ltr'>dolentis!</span> <span class='ocrx_word' id='word_1_95' title='bbox 1492 1119 1603 1166; x_wconf 76' lang='lat'>(145)</span> 
     </span>
    </p>
   </div>
   <div class='ocr_carea' id='block_1_7' title="bbox 119 1221 1349 1349">
    <p class='ocr_par' dir='ltr' id='par_1_7' title="bbox 119 1221 1349 1349">
     <span class='ocr_line' id='line_1_16' title="bbox 119 1221 1349 1276; baseline -0.003 -12"><span class='ocrx_word' id='word_1_96' title='bbox 119 1222 156 1264; x_wconf 79' lang='grc' dir='ltr'>δ’</span> <span class='ocrx_word' id='word_1_97' title='bbox 199 1224 376 1270; x_wconf 84' lang='lat' dir='ltr'><strong>Phoebe,</strong></span> <span class='ocrx_word' id='word_1_98' title='bbox 408 1225 513 1275; x_wconf 84' lang='lat' dir='ltr'>geris</span> <span class='ocrx_word' id='word_1_99' title='bbox 544 1235 659 1276; x_wconf 79' lang='lat' dir='ltr'>quam</span> <span class='ocrx_word' id='word_1_100' title='bbox 691 1227 731 1261; x_wconf 90' lang='lat' dir='ltr'>tu</span> <span class='ocrx_word' id='word_1_101' title='bbox 763 1222 899 1262; x_wconf 83' lang='lat' dir='ltr'>laurus</span> <span class='ocrx_word' id='word_1_102' title='bbox 930 1221 1143 1262; x_wconf 85' lang='lat' dir='ltr'>celebravit</span> <span class='ocrx_word' id='word_1_103' title='bbox 1174 1233 1349 1260; x_wconf 82' lang='lat' dir='ltr'>amorem</span> 
     </span>
     <span class='ocr_line' id='line_1_17' title="bbox 197 1294 1327 1349; baseline -0.004 -11"><span class='ocrx_word' id='word_1_104' title='bbox 197 1304 236 1338; x_wconf 88' lang='lat' dir='ltr'>et</span> <span class='ocrx_word' id='word_1_105' title='bbox 265 1310 364 1349; x_wconf 82' lang='lat' dir='ltr'>quae</span> <span class='ocrx_word' id='word_1_106' title='bbox 394 1309 537 1349; x_wconf 86' lang='lat' dir='ltr'>pompa</span> <span class='ocrx_word' id='word_1_107' title='bbox 570 1296 684 1335; x_wconf 85' lang='lat' dir='ltr'>deum</span> <span class='ocrx_word' id='word_1_108' title='bbox 717 1295 806 1347; x_wconf 86' lang='lat' dir='ltr'>(nisi</span> <span class='ocrx_word' id='word_1_109' title='bbox 834 1295 940 1335; x_wconf 85' lang='lat' dir='ltr'>silvis</span> <span class='ocrx_word' id='word_1_110' title='bbox 975 1295 1077 1334; x_wconf 86' lang='lat' dir='ltr'>fama</span> <span class='ocrx_word' id='word_1_111' title='bbox 1108 1294 1235 1334; x_wconf 84' lang='lat' dir='ltr'>locuta</span> <span class='ocrx_word' id='word_1_112' title='bbox 1268 1299 1327 1334; x_wconf 83' lang='lat' dir='ltr'>est</span> 
     </span>
    </p>
   </div>
   <div class='ocr_carea' id='block_1_8' title="bbox 141 1373 352 1376">
    <p class='ocr_par' dir='ltr' id='par_1_8' title="bbox 141 1373 352 1376">
     <span class='ocr_line' id='line_1_18' title="bbox 141 1373 352 1376; baseline 0 0"><span class='ocrx_word' id='word_1_113' title='bbox 141 1373 352 1376; x_wconf 95' lang='lat' dir='ltr'> </span> 
     </span>
    </p>
   </div>
   <div class='ocr_carea' id='block_1_9' title="bbox 85 1397 1604 1900">
    <p class='ocr_par' dir='ltr' id='par_1_9' title="bbox 85 1397 1604 1900">
     <span class='ocr_line' id='line_1_19' title="bbox 168 1397 1601 1448; baseline -0.003 -10"><span class='ocrx_word' id='word_1_114' title='bbox 168 1403 219 1439; x_wconf 94' lang='lat' dir='ltr'>3l</span> <span class='ocrx_word' id='word_1_115' title='bbox 250 1405 378 1439; x_wconf 79' lang='lat' dir='ltr'>littera</span> <span class='ocrx_word' id='word_1_116' title='bbox 418 1403 558 1438; x_wconf 83' lang='lat' dir='ltr'>initiali</span> <span class='ocrx_word' id='word_1_117' title='bbox 590 1403 748 1437; x_wconf 81' lang='lat' dir='ltr'>miniata</span> <span class='ocrx_word' id='word_1_118' title='bbox 779 1401 816 1436; x_wconf 90' lang='lat' dir='ltr'><em>B</em></span> <span class='ocrx_word' id='word_1_119' title='bbox 938 1399 1088 1436; x_wconf 82' lang='lat' dir='ltr'>edorum</span> <span class='ocrx_word' id='word_1_120' title='bbox 1120 1398 1165 1434; x_wconf 88' lang='lat' dir='ltr'><em>H</em></span> <span class='ocrx_word' id='word_1_121' title='bbox 1274 1399 1375 1448; x_wconf 66' lang='lat' dir='ltr'>beate</span> <span class='ocrx_word' id='word_1_122' title='bbox 1407 1399 1444 1435; x_wconf 89' lang='lat' dir='ltr'><em>B</em></span> <span class='ocrx_word' id='word_1_123' title='bbox 1477 1397 1601 1435; x_wconf 78' lang='lat' dir='ltr'>beatus</span> 
     </span>
     <span class='ocr_line' id='line_1_20' title="bbox 87 1455 1495 1504; baseline -0.004 -8"><span class='ocrx_word' id='word_1_124' title='bbox 87 1459 223 1496; x_wconf 81' lang='lat' dir='ltr'><em>Medic.</em></span> <span class='ocrx_word' id='word_1_125' title='bbox 258 1459 358 1495; x_wconf 85' lang='lat' dir='ltr'>Colb.</span> <span class='ocrx_word' id='word_1_126' title='bbox 392 1458 415 1494; x_wconf 89' lang='lat'><strong>3</strong></span> <span class='ocrx_word' id='word_1_127' title='bbox 446 1457 547 1493; x_wconf 87' lang='lat' dir='ltr'>beate</span> <span class='ocrx_word' id='word_1_128' title='bbox 587 1468 710 1493; x_wconf 89' lang='lat' dir='ltr'>errans</span> <span class='ocrx_word' id='word_1_129' title='bbox 742 1456 782 1492; x_wconf 88' lang='grc' dir='ltr'><em>Η</em></span> <span class='ocrx_word' id='word_1_130' title='bbox 933 1456 985 1493; x_wconf 88' lang='grc'>32</span> <span class='ocrx_word' id='word_1_131' title='bbox 1018 1455 1129 1503; x_wconf 83' lang='lat'><strong>(135)</strong></span> <span class='ocrx_word' id='word_1_132' title='bbox 1166 1461 1431 1504; x_wconf 75' lang='lat' dir='ltr'>praeruptaque</span> <span class='ocrx_word' id='word_1_133' title='bbox 1462 1456 1495 1491; x_wconf 94' lang='lat' dir='ltr'><em>T</em></span> 
     </span>
     <span class='ocr_line' id='line_1_21' title="bbox 85 1511 1602 1563; baseline -0.003 -12"><span class='ocrx_word' id='word_1_134' title='bbox 85 1515 239 1563; x_wconf 83' lang='lat' dir='ltr'>pherhas</span> <span class='ocrx_word' id='word_1_135' title='bbox 277 1515 318 1550; x_wconf 87' lang='lat' dir='ltr'><em>H</em></span> <span class='ocrx_word' id='word_1_136' title='bbox 351 1525 514 1562; x_wconf 78' lang='lat' dir='ltr'>pererras</span> <span class='ocrx_word' id='word_1_137' title='bbox 552 1515 804 1550; x_wconf 81' lang='lat' dir='ltr'>Burmannus</span> <span class='ocrx_word' id='word_1_138' title='bbox 954 1512 1006 1550; x_wconf 88' lang='lat'>33</span> <span class='ocrx_word' id='word_1_139' title='bbox 1038 1512 1219 1548; x_wconf 72' lang='lat' dir='ltr'>fastiditur</span> <span class='ocrx_word' id='word_1_140' title='bbox 1255 1513 1298 1548; x_wconf 90' lang='lat' dir='ltr'><em>H</em></span> <span class='ocrx_word' id='word_1_141' title='bbox 1333 1512 1384 1547; x_wconf 84' lang='lat' dir='ltr'>sas</span> <span class='ocrx_word' id='word_1_142' title='bbox 1421 1513 1468 1548; x_wconf 87' lang='lat' dir='ltr'>sit</span> <span class='ocrx_word' id='word_1_143' title='bbox 1505 1511 1602 1548; x_wconf 78' lang='lat' dir='ltr'>adire</span> 
     </span>
     <span class='ocr_line' id='line_1_22' title="bbox 87 1568 1532 1617; baseline -0.003 -9"><span class='ocrx_word' id='word_1_144' title='bbox 87 1573 269 1608; x_wconf 80' lang='lat' dir='ltr'>Heinsius</span> <span class='ocrx_word' id='word_1_145' title='bbox 389 1570 442 1607; x_wconf 89' lang='lat'>34</span> <span class='ocrx_word' id='word_1_146' title='bbox 473 1582 542 1607; x_wconf 90' lang='lat' dir='ltr'>om.</span> <span class='ocrx_word' id='word_1_147' title='bbox 575 1570 610 1605; x_wconf 90' lang='lat' dir='ltr'><em>R</em></span> <span class='ocrx_word' id='word_1_148' title='bbox 695 1570 766 1606; x_wconf 85' lang='lat' dir='ltr'>lete</span> <span class='ocrx_word' id='word_1_149' title='bbox 798 1569 841 1604; x_wconf 89' lang='lat' dir='ltr'><em>H</em></span> <span class='ocrx_word' id='word_1_150' title='bbox 922 1569 1057 1617; x_wconf 88' lang='lat' dir='ltr'>capelle</span> <span class='ocrx_word' id='word_1_151' title='bbox 1081 1581 1127 1605; x_wconf 91' lang='lat' dir='ltr'>m.</span> <span class='ocrx_word' id='word_1_152' title='bbox 1150 1570 1184 1610; x_wconf 92' lang='lat'>1,</span> <span class='ocrx_word' id='word_1_153' title='bbox 1216 1568 1351 1616; x_wconf 83' lang='lat' dir='ltr'>capella</span> <span class='ocrx_word' id='word_1_154' title='bbox 1371 1581 1418 1605; x_wconf 86' lang='lat' dir='ltr'>m.</span> <span class='ocrx_word' id='word_1_155' title='bbox 1442 1569 1466 1604; x_wconf 84' lang='lat'><strong>2</strong></span> <span class='ocrx_word' id='word_1_156' title='bbox 1489 1569 1532 1604; x_wconf 86' lang='lat' dir='ltr'><em>H</em></span> 
     </span>
     <span class='ocr_line' id='line_1_23' title="bbox 86 1625 1603 1674; baseline -0.002 -10"><span class='ocrx_word' id='word_1_157' title='bbox 86 1633 140 1663; x_wconf 89' lang='lat' dir='ltr'>est</span> <span class='ocrx_word' id='word_1_158' title='bbox 171 1639 240 1664; x_wconf 88' lang='lat' dir='ltr'>om.</span> <span class='ocrx_word' id='word_1_159' title='bbox 274 1628 312 1664; x_wconf 93' lang='lat' dir='ltr'><em>H</em></span> <span class='ocrx_word' id='word_1_160' title='bbox 456 1627 509 1664; x_wconf 88' lang='lat'>35</span> <span class='ocrx_word' id='word_1_161' title='bbox 541 1627 756 1674; x_wconf 85' lang='lat' dir='ltr'>quicumque</span> <span class='ocrx_word' id='word_1_162' title='bbox 798 1626 939 1662; x_wconf 84' lang='lat' dir='ltr'>Veneta</span> <span class='ocrx_word' id='word_1_163' title='bbox 979 1626 1083 1662; x_wconf 81' lang='lat' dir='ltr'>Scoti</span> <span class='ocrx_word' id='word_1_164' title='bbox 1119 1639 1154 1662; x_wconf 82' lang='lat' dir='ltr'>a.</span> <span class='ocrx_word' id='word_1_165' title='bbox 1190 1625 1297 1662; x_wconf 88' lang='lat'>1555</span> <span class='ocrx_word' id='word_1_166' title='bbox 1337 1636 1536 1673; x_wconf 87' lang='lat' dir='ltr'>quocumq·</span> <span class='ocrx_word' id='word_1_167' title='bbox 1568 1631 1603 1672; x_wconf 85' lang='grc' dir='ltr'>ψ</span> 
     </span>
     <span class='ocr_line' id='line_1_24' title="bbox 87 1681 1603 1732; baseline -0.001 -12"><span class='ocrx_word' id='word_1_168' title='bbox 87 1695 301 1732; x_wconf 87' lang='lat' dir='ltr'>quoeunque</span> <span class='ocrx_word' id='word_1_169' title='bbox 323 1693 342 1721; x_wconf 88' lang='grc' dir='ltr'>ε</span> <span class='ocrx_word' id='word_1_170' title='bbox 371 1682 622 1731; x_wconf 86' lang='lat' dir='ltr'>quodcumque</span> <span class='ocrx_word' id='word_1_171' title='bbox 653 1683 699 1718; x_wconf 89' lang='lat' dir='ltr'><em>W</em></span> <span class='ocrx_word' id='word_1_172' title='bbox 813 1682 865 1719; x_wconf 81' lang='lat'>36</span> <span class='ocrx_word' id='word_1_173' title='bbox 896 1682 993 1718; x_wconf 85' lang='lat' dir='ltr'>Inter</span> <span class='ocrx_word' id='word_1_174' title='bbox 1015 1682 1168 1730; x_wconf 85' lang='lat' dir='ltr'>pellatos</span> <span class='ocrx_word' id='word_1_175' title='bbox 1195 1681 1255 1728; x_wconf 87' lang='lat' dir='ltr'>(m.</span> <span class='ocrx_word' id='word_1_176' title='bbox 1279 1692 1358 1718; x_wconf 85' lang='lat' dir='ltr'>rec.</span> <span class='ocrx_word' id='word_1_177' title='bbox 1383 1681 1603 1729; x_wconf 80' lang='lat' dir='ltr'>coniuncta)</span> 
     </span>
     <span class='ocr_line' id='line_1_25' title="bbox 87 1738 1602 1788; baseline -0.001 -12"><span class='ocrx_word' id='word_1_178' title='bbox 87 1742 123 1775; x_wconf 90' lang='lat' dir='ltr'><em>B</em></span> <span class='ocrx_word' id='word_1_179' title='bbox 152 1740 387 1788; x_wconf 76' lang='lat' dir='ltr'>interpolatos</span> <span class='ocrx_word' id='word_1_180' title='bbox 417 1739 460 1774; x_wconf 88' lang='lat' dir='ltr'><em>H</em></span> <span class='ocrx_word' id='word_1_181' title='bbox 540 1738 693 1787; x_wconf 75' lang='lat' dir='ltr'>plorabit</span> <span class='ocrx_word' id='word_1_182' title='bbox 735 1739 783 1775; x_wconf 91' lang='lat' dir='ltr'><em>W</em></span> <span class='ocrx_word' id='word_1_183' title='bbox 894 1739 945 1775; x_wconf 82' lang='lat'>37</span> <span class='ocrx_word' id='word_1_184' title='bbox 978 1738 1088 1785; x_wconf 81' lang='lat'>(140)</span> <span class='ocrx_word' id='word_1_185' title='bbox 1118 1740 1247 1775; x_wconf 78' lang='lat' dir='ltr'>littera</span> <span class='ocrx_word' id='word_1_186' title='bbox 1278 1741 1416 1775; x_wconf 81' lang='lat' dir='ltr'>initiali</span> <span class='ocrx_word' id='word_1_187' title='bbox 1443 1741 1602 1775; x_wconf 70' lang='lat' dir='ltr'>miniatii</span> 
     </span>
     <span class='ocr_line' id='line_1_26' title="bbox 85 1795 1603 1842; baseline -0.001 -10"><span class='ocrx_word' id='word_1_188' title='bbox 85 1798 122 1833; x_wconf 93' lang='lat' dir='ltr'><em>B</em></span> <span class='ocrx_word' id='word_1_189' title='bbox 219 1795 318 1840; x_wconf 83' lang='lat' dir='ltr'>Quor</span> <span class='ocrx_word' id='word_1_190' title='bbox 347 1796 378 1832; x_wconf 95' lang='lat' dir='ltr'><em>Z</em></span> <span class='ocrx_word' id='word_1_191' title='bbox 405 1795 475 1831; x_wconf 89' lang='lat' dir='ltr'>Cur</span> <span class='ocrx_word' id='word_1_192' title='bbox 505 1800 539 1842; x_wconf 84' lang='grc' dir='ltr'><em>ψ</em></span> <span class='ocrx_word' id='word_1_193' title='bbox 645 1795 748 1831; x_wconf 89' lang='lat' dir='ltr'>uobis</span> <span class='ocrx_word' id='word_1_194' title='bbox 783 1795 868 1831; x_wconf 88' lang='lat' dir='ltr'>TW</span> <span class='ocrx_word' id='word_1_195' title='bbox 971 1800 1096 1830; x_wconf 85' lang='lat' dir='ltr'>natura</span> <span class='ocrx_word' id='word_1_196' title='bbox 1126 1796 1251 1831; x_wconf 81' lang='lat' dir='ltr'>deleta</span> <span class='ocrx_word' id='word_1_197' title='bbox 1275 1797 1412 1842; x_wconf 85' lang='lat' dir='ltr'>priore</span> <span class='ocrx_word' id='word_1_198' title='bbox 1440 1797 1603 1832; x_wconf 85' lang='lat' dir='ltr'>lectione</span> 
     </span>
     <span class='ocr_line' id='line_1_27' title="bbox 87 1851 1604 1900; baseline -0.001 -11"><span class='ocrx_word' id='word_1_199' title='bbox 87 1853 117 1889; x_wconf 95' lang='lat' dir='ltr'><em>Z</em></span> <span class='ocrx_word' id='word_1_200' title='bbox 143 1863 187 1889; x_wconf 87' lang='lat' dir='ltr'>na</span> <span class='ocrx_word' id='word_1_201' title='bbox 217 1864 301 1888; x_wconf 81' lang='lat' dir='ltr'>cum</span> <span class='ocrx_word' id='word_1_202' title='bbox 330 1854 436 1900; x_wconf 74' lang='lat' dir='ltr'>siyno</span> <span class='ocrx_word' id='word_1_203' title='bbox 467 1853 680 1899; x_wconf 82' lang='lat' dir='ltr'>compendii</span> <span class='ocrx_word' id='word_1_204' title='bbox 709 1851 808 1888; x_wconf 82' lang='lat' dir='ltr'>Colb.</span> <span class='ocrx_word' id='word_1_205' title='bbox 833 1851 857 1888; x_wconf 90' lang='lat'><strong>3</strong></span> <span class='ocrx_word' id='word_1_206' title='bbox 974 1851 1076 1887; x_wconf 80' lang='lat' dir='ltr'>suisti</span> <span class='ocrx_word' id='word_1_207' title='bbox 1108 1852 1322 1889; x_wconf 76' lang='lat' dir='ltr'>Salmasius</span> <span class='ocrx_word' id='word_1_208' title='bbox 1353 1857 1388 1888; x_wconf 85' lang='lat' dir='ltr'>et</span> <span class='ocrx_word' id='word_1_209' title='bbox 1419 1853 1604 1889; x_wconf 78' lang='lat' dir='ltr'>Heinsius</span> 
     </span>
    </p>
   </div>
   <div class='ocr_carea' id='block_1_10' title="bbox 84 1905 1607 2802">
    <p class='ocr_par' dir='ltr' id='par_1_10' title="bbox 86 1905 1602 2013">
     <span class='ocr_line' id='line_1_28' title="bbox 86 1905 1602 1955; baseline 0.001 -11"><span class='ocrx_word' id='word_1_210' title='bbox 86 1909 213 1944; x_wconf 74' lang='lat' dir='ltr'>suisset</span> <span class='ocrx_word' id='word_1_211' title='bbox 241 1921 272 1944; x_wconf 86' lang='grc' dir='ltr'><strong>ω</strong></span> <span class='ocrx_word' id='word_1_212' title='bbox 387 1908 438 1946; x_wconf 87' lang='grc'>38</span> <span class='ocrx_word' id='word_1_213' title='bbox 470 1907 568 1952; x_wconf 85' lang='lat' dir='ltr'>Quor</span> <span class='ocrx_word' id='word_1_214' title='bbox 596 1908 627 1944; x_wconf 95' lang='lat' dir='ltr'><em>Z</em></span> <span class='ocrx_word' id='word_1_215' title='bbox 648 1905 724 1943; x_wconf 54' lang='lat' dir='ltr'>‘Cur</span> <span class='ocrx_word' id='word_1_216' title='bbox 743 1914 778 1955; x_wconf 85' lang='grc' dir='ltr'><strong>ψ</strong></span> <span class='ocrx_word' id='word_1_217' title='bbox 865 1914 922 1944; x_wconf 87' lang='lat' dir='ltr'>tan</span> <span class='ocrx_word' id='word_1_218' title='bbox 953 1909 995 1944; x_wconf 86' lang='lat' dir='ltr'>II</span> <span class='ocrx_word' id='word_1_219' title='bbox 1011 1921 1058 1944; x_wconf 85' lang='lat' dir='ltr'>m.</span> <span class='ocrx_word' id='word_1_220' title='bbox 1085 1909 1103 1944; x_wconf 92' lang='lat'>1</span> <span class='ocrx_word' id='word_1_221' title='bbox 1210 1908 1261 1946; x_wconf 86' lang='lat'>39</span> <span class='ocrx_word' id='word_1_222' title='bbox 1293 1909 1427 1945; x_wconf 86' lang='lat' dir='ltr'>varium</span> <span class='ocrx_word' id='word_1_223' title='bbox 1461 1909 1602 1945; x_wconf 78' lang='lat' dir='ltr'>Veneta</span> 
     </span>
     <span class='ocr_line' id='line_1_29' title="bbox 87 1964 1602 2013; baseline 0 -12"><span class='ocrx_word' id='word_1_224' title='bbox 87 1965 191 2001; x_wconf 84' lang='lat' dir='ltr'>Scoti</span> <span class='ocrx_word' id='word_1_225' title='bbox 219 1978 256 2001; x_wconf 84' lang='grc' dir='ltr'>α.</span> <span class='ocrx_word' id='word_1_226' title='bbox 292 1964 492 2012; x_wconf 79' lang='lat' dir='ltr'>15552cf.</span> <span class='ocrx_word' id='word_1_227' title='bbox 524 1965 692 2001; x_wconf 80' lang='lat' dir='ltr'>Iacobus</span> <span class='ocrx_word' id='word_1_228' title='bbox 719 1965 856 2001; x_wconf 78' lang='lat' dir='ltr'>Philol.</span> <span class='ocrx_word' id='word_1_229' title='bbox 889 1964 932 2000; x_wconf 84' lang='grc' dir='ltr'>ΙΙΙ</span> <span class='ocrx_word' id='word_1_230' title='bbox 962 1964 1042 2002; x_wconf 85' lang='grc'>549</span> <span class='ocrx_word' id='word_1_231' title='bbox 1174 1976 1282 2013; x_wconf 90' lang='lat' dir='ltr'>quom</span> <span class='ocrx_word' id='word_1_232' title='bbox 1313 1966 1424 2012; x_wconf 73' lang='lat' dir='ltr'>Anyl.</span> <span class='ocrx_word' id='word_1_233' title='bbox 1457 1976 1537 2001; x_wconf 88' lang='lat' dir='ltr'>cum</span> <span class='ocrx_word' id='word_1_234' title='bbox 1568 1974 1602 2011; x_wconf 86' lang='grc' dir='ltr'><strong>ψ</strong></span> 
     </span>
    </p>

    <p class='ocr_par' dir='ltr' id='par_1_11' title="bbox 85 2021 1603 2464">
     <span class='ocr_line' id='line_1_30' title="bbox 170 2021 1602 2068; baseline 0.001 -12"><span class='ocrx_word' id='word_1_235' title='bbox 170 2021 305 2056; x_wconf 85' lang='lat' dir='ltr'>radiant</span> <span class='ocrx_word' id='word_1_236' title='bbox 335 2023 394 2058; x_wconf 86' lang='lat' dir='ltr'>vel</span> <span class='ocrx_word' id='word_1_237' title='bbox 414 2021 532 2057; x_wconf 83' lang='lat' dir='ltr'>rident</span> <span class='ocrx_word' id='word_1_238' title='bbox 553 2021 749 2068; x_wconf 81' lang='lat' dir='ltr'>Hauptius</span> <span class='ocrx_word' id='word_1_239' title='bbox 862 2021 915 2062; x_wconf 87' lang='grc'>40</span> <span class='ocrx_word' id='word_1_240' title='bbox 947 2032 1072 2057; x_wconf 86' lang='lat' dir='ltr'>uocem</span> <span class='ocrx_word' id='word_1_241' title='bbox 1095 2021 1139 2056; x_wconf 89' lang='lat' dir='ltr'><em>H</em></span> <span class='ocrx_word' id='word_1_242' title='bbox 1155 2034 1200 2057; x_wconf 89' lang='lat' dir='ltr'>m.</span> <span class='ocrx_word' id='word_1_243' title='bbox 1227 2022 1247 2057; x_wconf 88' lang='lat'>1</span> <span class='ocrx_word' id='word_1_244' title='bbox 1330 2031 1335 2044; x_wconf 92' lang='lat'><strong><em>¹</em></strong></span> <span class='ocrx_word' id='word_1_245' title='bbox 1357 2021 1491 2058; x_wconf 86' lang='lat' dir='ltr'>Phoebi</span> <span class='ocrx_word' id='word_1_246' title='bbox 1522 2033 1602 2057; x_wconf 86' lang='lat' dir='ltr'>eur-</span> 
     </span>
     <span class='ocr_line' id='line_1_31' title="bbox 87 2075 1601 2126; baseline 0.001 -14"><span class='ocrx_word' id='word_1_247' title='bbox 87 2089 148 2113; x_wconf 93' lang='lat' dir='ltr'>rus</span> <span class='ocrx_word' id='word_1_248' title='bbox 185 2076 278 2124; x_wconf 79' lang='lat' dir='ltr'>(sive</span> <span class='ocrx_word' id='word_1_249' title='bbox 307 2075 465 2125; x_wconf 85' lang='lat' dir='ltr'>currum)</span> <span class='ocrx_word' id='word_1_250' title='bbox 503 2080 661 2114; x_wconf 86' lang='lat' dir='ltr'>conieci.</span> <span class='ocrx_word' id='word_1_251' title='bbox 707 2077 848 2126; x_wconf 89' lang='lat' dir='ltr'>phoebe</span> <span class='ocrx_word' id='word_1_252' title='bbox 885 2077 1063 2125; x_wconf 88' lang='lat' dir='ltr'>(phoebus</span> <span class='ocrx_word' id='word_1_253' title='bbox 1099 2076 1157 2125; x_wconf 79' lang='grc' dir='ltr'>Ψ)</span> <span class='ocrx_word' id='word_1_254' title='bbox 1202 2089 1350 2114; x_wconf 86' lang='lat' dir='ltr'>currens</span> <span class='ocrx_word' id='word_1_255' title='bbox 1395 2077 1601 2124; x_wconf 83' lang='lat' dir='ltr'>(excurrens</span> 
     </span>
     <span class='ocr_line' id='line_1_32' title="bbox 86 2133 1602 2182; baseline -0.001 -11"><span class='ocrx_word' id='word_1_256' title='bbox 86 2133 154 2181; x_wconf 85' lang='grc' dir='ltr'>φε)</span> <span class='ocrx_word' id='word_1_257' title='bbox 184 2146 215 2169; x_wconf 90' lang='grc' dir='ltr'><strong>ω</strong></span> <span class='ocrx_word' id='word_1_258' title='bbox 300 2133 432 2170; x_wconf 87' lang='lat' dir='ltr'>Phoebi</span> <span class='ocrx_word' id='word_1_259' title='bbox 457 2137 627 2182; x_wconf 76' lang='lat' dir='ltr'>praeivit</span> <span class='ocrx_word' id='word_1_260' title='bbox 657 2134 839 2171; x_wconf 77' lang='lat' dir='ltr'>Heinsius</span> <span class='ocrx_word' id='word_1_261' title='bbox 926 2135 1028 2182; x_wconf 83' lang='lat' dir='ltr'>sugat</span> <span class='ocrx_word' id='word_1_262' title='bbox 1059 2137 1211 2181; x_wconf 78' lang='lat' dir='ltr'>scripsi.</span> <span class='ocrx_word' id='word_1_263' title='bbox 1246 2139 1352 2182; x_wconf 88' lang='lat' dir='ltr'>atque</span> <span class='ocrx_word' id='word_1_264' title='bbox 1377 2146 1406 2170; x_wconf 88' lang='grc' dir='ltr'>ω</span> <span class='ocrx_word' id='word_1_265' title='bbox 1493 2135 1602 2182; x_wconf 87' lang='lat' dir='ltr'>inque</span> 
     </span>
     <span class='ocr_line' id='line_1_33' title="bbox 85 2189 1601 2239; baseline 0.001 -14"><span class='ocrx_word' id='word_1_266' title='bbox 85 2191 194 2226; x_wconf 86' lang='lat' dir='ltr'>vicem</span> <span class='ocrx_word' id='word_1_267' title='bbox 216 2189 350 2226; x_wconf 88' lang='lat' dir='ltr'>Phoebi</span> <span class='ocrx_word' id='word_1_268' title='bbox 369 2201 516 2227; x_wconf 83' lang='lat' dir='ltr'>currens</span> <span class='ocrx_word' id='word_1_269' title='bbox 538 2195 731 2239; x_wconf 85' lang='lat' dir='ltr'>argenteus</span> <span class='ocrx_word' id='word_1_270' title='bbox 753 2190 848 2227; x_wconf 86' lang='lat' dir='ltr'>orbis</span> <span class='ocrx_word' id='word_1_271' title='bbox 872 2191 1044 2227; x_wconf 80' lang='lat' dir='ltr'>Naelcius</span> <span class='ocrx_word' id='word_1_272' title='bbox 1065 2192 1162 2227; x_wconf 85' lang='lat' dir='ltr'>olim.</span> <span class='ocrx_word' id='word_1_273' title='bbox 1184 2191 1293 2238; x_wconf 89' lang='lat' dir='ltr'>inque</span> <span class='ocrx_word' id='word_1_274' title='bbox 1314 2191 1424 2227; x_wconf 89' lang='lat' dir='ltr'>vicem</span> <span class='ocrx_word' id='word_1_275' title='bbox 1445 2190 1601 2230; x_wconf 85' lang='lat' dir='ltr'>Phoebe,</span> 
     </span>
     <span class='ocr_line' id='line_1_34' title="bbox 87 2246 1600 2294; baseline 0 -11"><span class='ocrx_word' id='word_1_276' title='bbox 87 2258 150 2283; x_wconf 89' lang='lat' dir='ltr'>cur</span> <span class='ocrx_word' id='word_1_277' title='bbox 179 2252 236 2283; x_wconf 88' lang='lat' dir='ltr'>est</span> <span class='ocrx_word' id='word_1_278' title='bbox 264 2246 425 2282; x_wconf 90' lang='lat' dir='ltr'>Aetolius</span> <span class='ocrx_word' id='word_1_279' title='bbox 456 2248 564 2284; x_wconf 86' lang='lat' dir='ltr'>heros</span> <span class='ocrx_word' id='word_1_280' title='bbox 585 2248 752 2283; x_wconf 81' lang='lat' dir='ltr'>Iacobus</span> <span class='ocrx_word' id='word_1_281' title='bbox 866 2246 918 2283; x_wconf 83' lang='lat'>41</span> <span class='ocrx_word' id='word_1_282' title='bbox 952 2252 1034 2283; x_wconf 86' lang='lat' dir='ltr'>tuus</span> <span class='ocrx_word' id='word_1_283' title='bbox 1057 2247 1230 2283; x_wconf 74' lang='lat' dir='ltr'>Naelcius</span> <span class='ocrx_word' id='word_1_284' title='bbox 1253 2251 1473 2294; x_wconf 76' lang='lat' dir='ltr'>praeeunte</span> <span class='ocrx_word' id='word_1_285' title='bbox 1495 2247 1600 2283; x_wconf 88' lang='lat' dir='ltr'>Scri-</span> 
     </span>
     <span class='ocr_line' id='line_1_35' title="bbox 87 2302 1601 2344; baseline -0.001 -4"><span class='ocrx_word' id='word_1_286' title='bbox 87 2305 188 2340; x_wconf 79' lang='lat' dir='ltr'>verio</span> <span class='ocrx_word' id='word_1_287' title='bbox 220 2303 271 2339; x_wconf 85' lang='lat' dir='ltr'>tui</span> <span class='ocrx_word' id='word_1_288' title='bbox 301 2315 331 2338; x_wconf 92' lang='grc' dir='ltr'><em>ω</em></span> <span class='ocrx_word' id='word_1_289' title='bbox 417 2314 555 2340; x_wconf 89' lang='lat' dir='ltr'>meeum</span> <span class='ocrx_word' id='word_1_290' title='bbox 595 2304 750 2339; x_wconf 78' lang='lat' dir='ltr'>Vraeisl.</span> <span class='ocrx_word' id='word_1_291' title='bbox 775 2303 798 2339; x_wconf 87' lang='lat'><strong>2</strong></span> <span class='ocrx_word' id='word_1_292' title='bbox 894 2309 929 2339; x_wconf 87' lang='lat' dir='ltr'>et</span> <span class='ocrx_word' id='word_1_293' title='bbox 961 2315 1029 2340; x_wconf 89' lang='lat' dir='ltr'>om.</span> <span class='ocrx_word' id='word_1_294' title='bbox 1055 2302 1098 2338; x_wconf 92' lang='lat' dir='ltr'><em>H</em></span> <span class='ocrx_word' id='word_1_295' title='bbox 1188 2304 1241 2339; x_wconf 87' lang='lat' dir='ltr'>tui</span> <span class='ocrx_word' id='word_1_296' title='bbox 1272 2309 1390 2340; x_wconf 85' lang='lat' dir='ltr'>tecum</span> <span class='ocrx_word' id='word_1_297' title='bbox 1420 2315 1504 2339; x_wconf 85' lang='lat' dir='ltr'>cura</span> <span class='ocrx_word' id='word_1_298' title='bbox 1534 2309 1601 2344; x_wconf 83' lang='lat' dir='ltr'>est,</span> 
     </span>
     <span class='ocr_line' id='line_1_36' title="bbox 86 2360 1603 2400; baseline 0.001 -5"><span class='ocrx_word' id='word_1_299' title='bbox 86 2371 150 2395; x_wconf 89' lang='lat' dir='ltr'>cur</span> <span class='ocrx_word' id='word_1_300' title='bbox 179 2370 251 2395; x_wconf 90' lang='lat' dir='ltr'>non</span> <span class='ocrx_word' id='word_1_301' title='bbox 282 2369 358 2395; x_wconf 84' lang='lat' dir='ltr'>mea</span> <span class='ocrx_word' id='word_1_302' title='bbox 388 2360 548 2395; x_wconf 82' lang='lat' dir='ltr'>meeum?</span> <span class='ocrx_word' id='word_1_303' title='bbox 586 2362 643 2396; x_wconf 87' lang='lat' dir='ltr'>vel</span> <span class='ocrx_word' id='word_1_304' title='bbox 675 2366 734 2396; x_wconf 83' lang='lat' dir='ltr'>tua</span> <span class='ocrx_word' id='word_1_305' title='bbox 764 2365 819 2395; x_wconf 84' lang='lat' dir='ltr'>est</span> <span class='ocrx_word' id='word_1_306' title='bbox 850 2365 986 2400; x_wconf 85' lang='lat' dir='ltr'>tecum,</span> <span class='ocrx_word' id='word_1_307' title='bbox 1026 2371 1090 2395; x_wconf 88' lang='lat' dir='ltr'>cur</span> <span class='ocrx_word' id='word_1_308' title='bbox 1120 2372 1190 2396; x_wconf 89' lang='lat' dir='ltr'>non</span> <span class='ocrx_word' id='word_1_309' title='bbox 1223 2371 1307 2396; x_wconf 90' lang='lat' dir='ltr'>cura</span> <span class='ocrx_word' id='word_1_310' title='bbox 1337 2365 1393 2396; x_wconf 89' lang='lat' dir='ltr'>est</span> <span class='ocrx_word' id='word_1_311' title='bbox 1423 2371 1498 2396; x_wconf 86' lang='lat' dir='ltr'>mea</span> <span class='ocrx_word' id='word_1_312' title='bbox 1530 2371 1603 2396; x_wconf 90' lang='lat' dir='ltr'>me-</span> 
     </span>
     <span class='ocr_line' id='line_1_37' title="bbox 87 2415 1498 2464; baseline 0.002 -13"><span class='ocrx_word' id='word_1_313' title='bbox 87 2416 191 2452; x_wconf 79' lang='lat' dir='ltr'>eum?</span> <span class='ocrx_word' id='word_1_314' title='bbox 234 2416 287 2452; x_wconf 87' lang='lat' dir='ltr'>M.</span> <span class='ocrx_word' id='word_1_315' title='bbox 321 2415 490 2452; x_wconf 79' lang='lat' dir='ltr'>Schmidt</span> <span class='ocrx_word' id='word_1_316' title='bbox 526 2416 662 2452; x_wconf 74' lang='lat' dir='ltr'>Plcilol.</span> <span class='ocrx_word' id='word_1_317' title='bbox 695 2415 766 2451; x_wconf 90' lang='lat' dir='ltr'>Vlll</span> <span class='ocrx_word' id='word_1_318' title='bbox 799 2416 880 2455; x_wconf 88' lang='grc'>190</span> <span class='ocrx_word' id='word_1_319' title='bbox 1021 2415 1074 2452; x_wconf 87' lang='grc'>42</span> <span class='ocrx_word' id='word_1_320' title='bbox 1107 2417 1167 2464; x_wconf 89' lang='lat' dir='ltr'>qui</span> <span class='ocrx_word' id='word_1_321' title='bbox 1205 2417 1305 2453; x_wconf 79' lang='lat' dir='ltr'>Med.</span> <span class='ocrx_word' id='word_1_322' title='bbox 1340 2417 1440 2454; x_wconf 78' lang='lat' dir='ltr'>Goth.</span> <span class='ocrx_word' id='word_1_323' title='bbox 1474 2416 1498 2454; x_wconf 91' lang='lat'><strong>3</strong></span> 
     </span>
    </p>

    <p class='ocr_par' dir='ltr' id='par_1_12' title="bbox 84 2469 1607 2633">
     <span class='ocr_line' id='line_1_38' title="bbox 170 2469 1603 2522; baseline 0.001 -13"><span class='ocrx_word' id='word_1_324' title='bbox 170 2470 223 2509; x_wconf 88' lang='grc'>43</span> <span class='ocrx_word' id='word_1_325' title='bbox 254 2471 375 2521; x_wconf 69' lang='lat' dir='ltr'>Phebo</span> <span class='ocrx_word' id='word_1_326' title='bbox 414 2473 450 2508; x_wconf 75' lang='lat' dir='ltr'><strong><em>Y</em></strong></span> <span class='ocrx_word' id='word_1_327' title='bbox 478 2471 624 2519; x_wconf 84' lang='lat' dir='ltr'>Phoebo</span> <span class='ocrx_word' id='word_1_328' title='bbox 656 2473 692 2508; x_wconf 91' lang='lat' dir='ltr'><em>B</em></span> <span class='ocrx_word' id='word_1_329' title='bbox 718 2473 859 2521; x_wconf 87' lang='lat' dir='ltr'>pheope</span> <span class='ocrx_word' id='word_1_330' title='bbox 893 2473 926 2508; x_wconf 84' lang='lat' dir='ltr'><em>T</em></span> <span class='ocrx_word' id='word_1_331' title='bbox 1050 2474 1145 2522; x_wconf 83' lang='lat' dir='ltr'>geris</span> <span class='ocrx_word' id='word_1_332' title='bbox 1184 2475 1327 2520; x_wconf 81' lang='lat' dir='ltr'>scripsi</span> <span class='ocrx_word' id='word_1_333' title='bbox 1364 2485 1449 2510; x_wconf 81' lang='lat' dir='ltr'>eum</span> <span class='ocrx_word' id='word_1_334' title='bbox 1465 2469 1603 2510; x_wconf 61' lang='lat' dir='ltr'>*Scali-</span> 
     </span>
     <span class='ocr_line' id='line_1_39' title="bbox 84 2529 1604 2577; baseline 0.001 -13"><span class='ocrx_word' id='word_1_335' title='bbox 84 2539 190 2576; x_wconf 74' lang='lat' dir='ltr'>yero.</span> <span class='ocrx_word' id='word_1_336' title='bbox 223 2539 352 2576; x_wconf 84' lang='lat' dir='ltr'>gerens</span> <span class='ocrx_word' id='word_1_337' title='bbox 382 2540 412 2564; x_wconf 89' lang='grc' dir='ltr'><em>ω</em></span> <span class='ocrx_word' id='word_1_338' title='bbox 443 2539 582 2564; x_wconf 88' lang='lat' dir='ltr'>merens</span> <span class='ocrx_word' id='word_1_339' title='bbox 610 2529 711 2565; x_wconf 82' lang='lat' dir='ltr'>Med.</span> <span class='ocrx_word' id='word_1_340' title='bbox 741 2529 852 2577; x_wconf 83' lang='lat' dir='ltr'><em>An9l.</em></span> <span class='ocrx_word' id='word_1_341' title='bbox 884 2540 1048 2565; x_wconf 88' lang='lat' dir='ltr'>moerens</span> <span class='ocrx_word' id='word_1_342' title='bbox 1081 2529 1181 2567; x_wconf 87' lang='lat' dir='ltr'>Colb.</span> <span class='ocrx_word' id='word_1_343' title='bbox 1216 2530 1239 2566; x_wconf 90' lang='lat'><strong>3</strong></span> <span class='ocrx_word' id='word_1_344' title='bbox 1272 2531 1390 2566; x_wconf 91' lang='lat' dir='ltr'>virens</span> <span class='ocrx_word' id='word_1_345' title='bbox 1419 2529 1604 2566; x_wconf 80' lang='lat' dir='ltr'>Heinsius</span> 
     </span>
     <span class='ocr_line' id='line_1_40' title="bbox 87 2584 1607 2633; baseline 0.002 -13"><span class='ocrx_word' id='word_1_346' title='bbox 87 2584 217 2621; x_wconf 84' lang='lat' dir='ltr'>decens</span> <span class='ocrx_word' id='word_1_347' title='bbox 250 2585 418 2633; x_wconf 74' lang='lat' dir='ltr'>Silliyius</span> <span class='ocrx_word' id='word_1_348' title='bbox 447 2596 572 2620; x_wconf 88' lang='lat' dir='ltr'>recens</span> <span class='ocrx_word' id='word_1_349' title='bbox 604 2585 776 2622; x_wconf 78' lang='lat' dir='ltr'>Naelcius</span> <span class='ocrx_word' id='word_1_350' title='bbox 876 2597 979 2633; x_wconf 87' lang='lat' dir='ltr'>quam</span> <span class='ocrx_word' id='word_1_351' title='bbox 1011 2590 1049 2621; x_wconf 83' lang='lat' dir='ltr'>tu</span> <span class='ocrx_word' id='word_1_352' title='bbox 1080 2589 1231 2633; x_wconf 80' lang='lat' dir='ltr'>scripsi.</span> <span class='ocrx_word' id='word_1_353' title='bbox 1264 2587 1300 2622; x_wconf 89' lang='lat' dir='ltr'>in</span> <span class='ocrx_word' id='word_1_354' title='bbox 1331 2591 1367 2622; x_wconf 86' lang='lat' dir='ltr'>te</span> <span class='ocrx_word' id='word_1_355' title='bbox 1396 2592 1431 2633; x_wconf 86' lang='grc' dir='ltr'>ψ</span> <span class='ocrx_word' id='word_1_356' title='bbox 1462 2588 1535 2623; x_wconf 82' lang='lat' dir='ltr'>uite</span> <span class='ocrx_word' id='word_1_357' title='bbox 1566 2587 1607 2622; x_wconf 89' lang='lat' dir='ltr'><em>H</em></span> 
     </span>
    </p>

    <p class='ocr_par' dir='ltr' id='par_1_13' title="bbox 88 2640 1600 2802">
     <span class='ocr_line' id='line_1_41' title="bbox 169 2640 1518 2691; baseline 0.001 -14"><span class='ocrx_word' id='word_1_358' title='bbox 169 2641 362 2677; x_wconf 87' lang='lat' dir='ltr'>celebrauit</span> <span class='ocrx_word' id='word_1_359' title='bbox 393 2640 431 2687; x_wconf 88' lang='lat' dir='ltr'>(u</span> <span class='ocrx_word' id='word_1_360' title='bbox 462 2652 564 2678; x_wconf 85' lang='lat' dir='ltr'>corr.</span> <span class='ocrx_word' id='word_1_361' title='bbox 597 2644 635 2677; x_wconf 88' lang='lat' dir='ltr'>in</span> <span class='ocrx_word' id='word_1_362' title='bbox 666 2640 700 2688; x_wconf 89' lang='lat' dir='ltr'>b)</span> <span class='ocrx_word' id='word_1_363' title='bbox 732 2641 777 2677; x_wconf 86' lang='lat' dir='ltr'><em>H</em></span> <span class='ocrx_word' id='word_1_364' title='bbox 801 2641 993 2678; x_wconf 80' lang='lat' dir='ltr'>celebrabit</span> <span class='ocrx_word' id='word_1_365' title='bbox 1023 2652 1076 2690; x_wconf 85' lang='grc' dir='ltr'>φε</span> <span class='ocrx_word' id='word_1_366' title='bbox 1107 2641 1305 2678; x_wconf 85' lang='lat' dir='ltr'>celebrabis</span> <span class='ocrx_word' id='word_1_367' title='bbox 1339 2643 1518 2691; x_wconf 66' lang='lat' dir='ltr'>Scaliger</span> 
     </span>
     <span class='ocr_line' id='line_1_42' title="bbox 88 2696 1600 2749; baseline 0.003 -17"><span class='ocrx_word' id='word_1_368' title='bbox 88 2696 233 2733; x_wconf 87' lang='lat' dir='ltr'>Phoebo</span> <span class='ocrx_word' id='word_1_369' title='bbox 264 2703 342 2734; x_wconf 81' lang='lat' dir='ltr'>nata</span> <span class='ocrx_word' id='word_1_370' title='bbox 373 2708 498 2734; x_wconf 85' lang='lat' dir='ltr'>recens</span> <span class='ocrx_word' id='word_1_371' title='bbox 529 2698 552 2734; x_wconf 87' lang='lat' dir='ltr'>l.</span> <span class='ocrx_word' id='word_1_372' title='bbox 585 2709 616 2734; x_wconf 91' lang='lat' dir='ltr'>c.</span> <span class='ocrx_word' id='word_1_373' title='bbox 649 2709 678 2733; x_wconf 86' lang='lat' dir='ltr'>a.</span> <span class='ocrx_word' id='word_1_374' title='bbox 714 2698 959 2745; x_wconf 81' lang='lat' dir='ltr'>Schopenus,</span> <span class='ocrx_word' id='word_1_375' title='bbox 993 2704 1130 2735; x_wconf 75' lang='lat' dir='ltr'>eontra</span> <span class='ocrx_word' id='word_1_376' title='bbox 1149 2709 1271 2749; x_wconf 77' lang='lat' dir='ltr'>¹quem</span> <span class='ocrx_word' id='word_1_377' title='bbox 1301 2699 1507 2747; x_wconf 78' lang='lat' dir='ltr'>disputavit</span> <span class='ocrx_word' id='word_1_378' title='bbox 1536 2699 1600 2736; x_wconf 81' lang='grc' dir='ltr'>Ια-</span> 
     </span>
     <span class='ocr_line' id='line_1_43' title="bbox 89 2753 1599 2802; baseline 0.001 -13"><span class='ocrx_word' id='word_1_379' title='bbox 89 2754 206 2790; x_wconf 82' lang='lat' dir='ltr'>cobus</span> <span class='ocrx_word' id='word_1_380' title='bbox 241 2756 267 2791; x_wconf 87' lang='lat' dir='ltr'>l.</span> <span class='ocrx_word' id='word_1_381' title='bbox 298 2756 324 2791; x_wconf 88' lang='lat' dir='ltr'>l.</span> <span class='ocrx_word' id='word_1_382' title='bbox 366 2753 507 2790; x_wconf 87' lang='lat' dir='ltr'>Phoebe</span> <span class='ocrx_word' id='word_1_383' title='bbox 551 2755 585 2790; x_wconf 90' lang='lat' dir='ltr'>in</span> <span class='ocrx_word' id='word_1_384' title='bbox 624 2754 743 2790; x_wconf 85' lang='lat' dir='ltr'>fronte</span> <span class='ocrx_word' id='word_1_385' title='bbox 781 2766 931 2802; x_wconf 87' lang='lat' dir='ltr'>gerens,</span> <span class='ocrx_word' id='word_1_386' title='bbox 977 2755 1098 2791; x_wconf 84' lang='lat' dir='ltr'>laurus</span> <span class='ocrx_word' id='word_1_387' title='bbox 1130 2754 1322 2792; x_wconf 81' lang='lat' dir='ltr'>celebrabis</span> <span class='ocrx_word' id='word_1_388' title='bbox 1359 2767 1515 2792; x_wconf 87' lang='lat' dir='ltr'>amorem</span> <span class='ocrx_word' id='word_1_389' title='bbox 1546 2756 1599 2793; x_wconf 94' lang='lat' dir='ltr'>M.</span> 
     </span>
    </p>
   </div>
   <div class='ocr_carea' id='block_1_11' title="bbox 14 2809 1521 2862">
    <p class='ocr_par' dir='ltr' id='par_1_14' title="bbox 14 2809 1521 2862">
     <span class='ocr_line' id='line_1_44' title="bbox 14 2809 1521 2862; baseline 0.004 -17"><span class='ocrx_word' id='word_1_390' title='bbox 14 2809 22 2812; x_wconf 81' lang='grc'><strong>”</strong></span> <span class='ocrx_word' id='word_1_391' title='bbox 90 2809 256 2847; x_wconf 77' lang='lat' dir='ltr'>Schmidt</span> <span class='ocrx_word' id='word_1_392' title='bbox 375 2809 430 2846; x_wconf 84' lang='lat'>44</span> <span class='ocrx_word' id='word_1_393' title='bbox 461 2822 552 2861; x_wconf 79' lang='lat' dir='ltr'>quae</span> <span class='ocrx_word' id='word_1_394' title='bbox 586 2810 620 2846; x_wconf 91' lang='lat' dir='ltr'><em>B</em></span> <span class='ocrx_word' id='word_1_395' title='bbox 650 2821 755 2862; x_wconf 74' lang='lat' dir='ltr'>quem</span> <span class='ocrx_word' id='word_1_396' title='bbox 790 2811 832 2847; x_wconf 87' lang='lat' dir='ltr'>H</span> <span class='ocrx_word' id='word_1_397' title='bbox 858 2822 963 2859; x_wconf 89' lang='lat' dir='ltr'>quem</span> <span class='ocrx_word' id='word_1_398' title='bbox 994 2821 1013 2849; x_wconf 91' lang='grc' dir='ltr'>ε</span> <span class='ocrx_word' id='word_1_399' title='bbox 1111 2823 1199 2860; x_wconf 85' lang='lat' dir='ltr'>pana</span> <span class='ocrx_word' id='word_1_400' title='bbox 1242 2812 1382 2850; x_wconf 86' lang='lat' dir='ltr'>Veneta</span> <span class='ocrx_word' id='word_1_401' title='bbox 1415 2813 1521 2851; x_wconf 77' lang='lat' dir='ltr'>Scoti</span> 
     </span>
    </p>
   </div>
  </div>
 </body>
</html>
