1884 3126
333 221 386 262 36
913 239 1240 266 PROLEGOMENON

443 346 624 386 Codieem
645 347 935 386 miscellaneum
958 349 1333 386 Bruxellensem
1352 346 1412 397 (B)
1436 347 1545 386 catal.
1569 360 1606 386 n.
1631 345 1813 387 10615-

336 410 469 452 10729
507 413 799 464 descripserunt
834 414 1008 452 Pertzius
1038 413 1189 452 Archiv.
1222 412 1285 452 vll
1317 410 1449 463 (1839)
1489 426 1526 464 p.
1561 411 1667 452 1004
1694 427 1750 465 sq.
1782 420 1820 453 et

333 480 432 518 Baro
462 479 510 518 de
530 479 776 529 Reilfenberg
806 484 883 517 tam
913 481 952 517 in
983 481 1205 518 nuntiorum
1237 479 1456 517 academiae
1477 478 1654 529 Belgicae
1685 479 1818 529 (bulle-

332 547 406 584 tins
436 545 484 584 de
512 544 736 584 l'academIe
766 545 895 595 royale
927 544 974 583 de
1005 545 1202 597 Belgique)
1236 544 1305 583 vol.
1330 545 1411 583 VIII
1440 550 1538 596 part.
1568 543 1595 583 2
1624 558 1663 596 p.
1682 543 1815 585 247—

335 609 416 650 268
446 623 560 662 quam
590 613 629 650 in
661 610 920 650 bibliothecae
948 612 1078 661 regiae
1109 612 1295 650 annuario
1318 611 1516 662 (annuaire
1547 611 1649 651 dela
1680 611 1818 651 biblio-

332 677 473 726 theque
514 676 643 728 royale
690 677 737 715 de
781 676 977 727 Belgique)
1024 689 1124 716 anno
1164 675 1270 716 1843
1314 690 1351 728 p.
1389 675 1441 716 51
1473 689 1557 728 sqq.
1615 683 1816 729 praeterea

331 744 566 782 mentionem
605 744 687 781 eius
724 743 814 781 lecit
848 742 1076 782 Theodorus
1107 743 1281 782 Olearius
1311 744 1350 781 in
1380 755 1477 782 mus.
1510 743 1632 782 Rhen.
1665 757 1685 782 a
1716 744 1818 782 Wel-

330 810 448 848 ckero
479 814 515 848 et
545 808 754 848 RitscbeliO
785 808 876 847 editi
909 808 978 847 vol.
1009 809 1025 847 I
1054 822 1091 860 p.
1113 807 1196 848 302
1217 820 1300 860 sqq.
1360 810 1533 848 continet
1562 814 1689 848 autem
1719 809 1818 848 liber

331 875 650 914 membranaceus
688 875 778 914 folia
815 876 962 914 formae
1000 876 1160 913 minoris
1197 873 1277 914 231
1316 874 1417 913 binis
1455 874 1645 913 columnis
1684 875 1813 923 dIvisa,

331 942 483 981 saeculo
513 941 581 979 XII
612 953 690 979 non
721 941 949 992 antiquiora.
1009 942 1047 979 in
1080 953 1123 979 ea
1152 946 1262 992 parte
1293 951 1390 990 quae
1420 942 1591 980 numeris
1615 939 1749 981 10675
1779 947 1819 980 et

333 1006 465 1047 10676
495 1008 655 1057 insignis
686 1011 755 1051 est,
786 1007 876 1045 inde
906 1019 925 1045 a
956 1006 1048 1045 folio
1080 1005 1129 1046 71
1161 1006 1344 1056 leguntur
1375 1008 1477 1046 Ciris
1507 1019 1561 1045 vv.
1583 1006 1815 1053 458—541,

331 1080 410 1113 tum
456 1075 730 1124 epigrammata
775 1074 845 1111 tria
884 1084 982 1123 quae
1019 1073 1057 1110 in
1096 1073 1307 1111 Burmanni
1347 1072 1489 1111 anthol.
1522 1073 1656 1112 Latina
1688 1079 1818 1112 extant

330 1142 374 1180 Vl
398 1138 462 1179 84.
486 1138 550 1179 85.
574 1137 639 1182 86,
672 1138 811 1177 deinde
843 1139 1046 1177 Catalecta
1077 1138 1149 1177 hoc
1181 1138 1334 1176 ordine:
1366 1139 1394 1177 1.
1428 1138 1473 1176 11.
1504 1139 1585 1177 XII.
1616 1139 1715 1178 XIII.
1739 1140 1817 1178 VII.

329 1207 390 1246 111.
421 1206 533 1245 VlllI.
565 1206 610 1243 X.
642 1205 705 1243 XI.
739 1204 828 1242 VIII.
862 1203 976 1242 XIIII.
1009 1204 1087 1242 IIII.
1122 1205 1162 1242 V.
1195 1205 1262 1249 VI;
1303 1209 1489 1243 secuntur
1527 1207 1647 1255 epigr.
1686 1206 1815 1244 Burin.

329 1273 361 1311 11
394 1270 472 1311 182
504 1273 527 1323 (‘
539 1277 627 1310 vate
655 1271 927 1321 Syracusio’),
968 1270 1113 1309 Tibulli
1139 1270 1186 1308 IV
1219 1268 1289 1315 14,
1330 1273 1369 1309 in
1401 1272 1646 1310 Maecenatis
1675 1274 1815 1311 obitum

327 1341 453 1388 eleqia
487 1339 631 1389 (Burni.
663 1337 807 1375 anthol.
840 1337 873 1374 II
906 1334 984 1374 119
1014 1335 1108 1385 sq),
1148 1342 1185 1375 et
1214 1348 1376 1374 numero
1410 1335 1541 1376 10677
1572 1339 1610 1376 in
1643 1338 1816 1388 catalogo

330 1411 501 1444 notatum
532 1405 791 1453 fragmentum
822 1402 894 1441 boc
925 1402 1035 1440 titulo
1065 1403 1131 1440 ‘R
1162 1403 1285 1441 Annii
1310 1405 1424 1442 Flora·
1459 1404 1652 1451 servilius
1680 1411 1817 1443 orator
1870 1429 1878 1436 =

329 1485 380 1510 cm
413 1476 536 1520 poeta
574 1471 749 1518 incipit',
797 1468 899 1519 quod
938 1469 978 1506 in
1015 1480 1112 1506 nius.
1142 1468 1263 1506 Rhen.
1297 1468 1320 1506 l.
1352 1468 1376 1506 1.
1408 1469 1554 1519 publici
1597 1472 1693 1509 iuris
1725 1472 1817 1509 fecit

332 1537 518 1576 Olearius.
580 1537 701 1574 varias
739 1534 828 1572 inde
866 1534 1074 1585 scripturas
1113 1533 1297 1583 quasdam
1336 1536 1427 1574 ciris
1463 1536 1511 1574 M.
1553 1536 1738 1588 Hauptius
1775 1538 1814 1575 in

328 1604 546 1643 academiae
576 1602 841 1641 Berolinensis
877 1600 1001 1639 relatt..
1042 1601 1252 1639 menstruis
1288 1602 1379 1639 anni
1410 1599 1515 1641 1858
1552 1615 1589 1653 p.
1621 1601 1702 1642 659
1731 1614 1814 1654 sqq.

326 1676 364 1708 et
394 1669 607 1708 catalecton
637 1669 675 1706 in
706 1668 916 1719 prooemiis
944 1666 1026 1704 ind.
1057 1666 1267 1705 lectionum
1299 1667 1425 1705 Berol.
1460 1665 1612 1719 1858s9
1642 1673 1680 1707 et
1711 1667 1816 1708 1859

327 1735 634 1775 communicavit.
695 1745 824 1772 meum
862 1733 901 1770 in
933 1744 1044 1770 usum
1075 1734 1267 1782 Augustus
1298 1733 1476 1778 Scheler,
1514 1736 1683 1784 privatae
1712 1736 1815 1785 regis

328 1803 469 1852 Belgici
519 1799 775 1839 bibliothecae
824 1798 1063 1849 praefectus,
1122 1798 1281 1837 contulit
1325 1800 1443 1843 cirin,
1495 1800 1676 1839 catalecta
1726 1813 1813 1839 cum

326 1869 499 1919 Priapeis
536 1878 634 1916 quae
672 1865 906 1905 antecedunt
942 1858 1085 1908 tribus,
1130 1869 1167 1902 et
1205 1863 1345 1913 elegias
1383 1864 1476 1903 duas
1513 1866 1552 1903 in
1582 1866 1815 1906 Maecenatis

324 1935 486 1981 pbitum.

434 2013 475 2052 ln
509 2011 664 2050 Moreto
701 2014 857 2062 praeter
888 2021 954 2047 eos
984 2019 1079 2059 quos
1111 2008 1409 2047 commemoravi
1439 2007 1560 2047 libros
1589 2010 1628 2047 in
1659 2016 1812 2061 promtu

325 2080 485 2118 suerunt
513 2078 574 2116 hi:

435 2155 555 2194 codex
587 2152 851 2192 Parisinus
881 2150 988 2191 7989
1011 2149 1265 2202 bombycinus
1293 2163 1392 2190 saec.
1416 2149 1492 2197 XV,
1516 2153 1580 2203 qui
1599 2152 1748 2201 Regius
1767 2153 1815 2206 II

326 2235 344 2260 a
384 2221 530 2272 Silligio
569 2219 711 2259 dicitur
751 2219 811 2270 (cf.
852 2217 1082 2256 Buecheleri
1119 2217 1157 2255 in
1196 2216 1420 2255 Petronium
1458 2218 1671 2269 proleggp.
1703 2219 1810 2270 XVI).

326 2287 481 2327 exhibet
509 2292 596 2339 post
625 2298 759 2325 cenam
789 2283 1085 2323 Trimalchionis
1121 2295 1157 2333 p.
1189 2279 1409 2321 229-232
1446 2283 1661 2332 Moretum,
1701 2286 1812 2322 euius

325 2353 567 2393 collationem
599 2351 797 2401 Silligiana
835 2350 1030 2401 aliquanto
1069 2348 1350 2388 accuratiorem
1382 2347 1505 2387 debeo
1536 2349 1632 2388 Guil.
1666 2349 1809 2388 Froeb-

326 2422 407 2459 neri
439 2419 670 2463 liberalitati.
730 2417 856 2456 notavi
886 2415 1011 2454 littera
1038 2426 1080 2463 p.

447 2508 845 2546 Jf'indobonenses
872 2505 966 2554 duo,
997 2515 1034 2542 n.
1069 2500 1148 2542 134
1179 2501 1365 2553 (Endlich.
1397 2501 1441 2541 N.
1468 2502 1612 2555 CXXX)
1644 2504 1805 2549 membr.

324 2587 425 2613 saec.
455 2574 523 2617 XI,
566 2579 603 2611 et
633 2570 742 2612 3108
775 2569 960 2622 (Endlicli.
994 2569 1038 2608 N.
1070 2568 1231 2619 CXXIX)
1273 2568 1394 2607 chart.
1425 2581 1523 2608 saec.
1556 2569 1631 2614 XV,
1671 2569 1810 2608 conlati

326 2639 618 2690 diligentissime
657 2637 703 2676 ab
739 2634 952 2676 Emanuele
981 2635 1230 2678 Hoffmanno‚
1261 2635 1481 2685 professore
1511 2634 1809 2675 vindobonensi.

324 2706 462 2744 litteris
492 2706 619 2744 notavi
650 2704 757 2742 iIIum
787 2703 830 2753 S,
861 2701 964 2740 hunc
998 2700 1041 2740 T.
1303 2711 1306 2713 ·

433 2790 637 2831 Praeterea
673 2793 712 2830 in
745 2793 852 2840 δορα
889 2802 959 2841 per
988 2788 1255 2827 liberalitatem
1287 2788 1411 2827 Caroli
1439 2787 1578 2827 Halmii
1608 2790 1662 2828 uti
1694 2791 1805 2829 etiam

325 2860 483 2912 contigit
513 2858 716 2898 collatione
748 2856 1116 2897 Monac-ensium
1147 2854 1321 2896 codicum
1352 2860 1538 2903 quattuor
1568 2856 1663 2894 facta
1695 2868 1806 2894 accu-
