1884 3126
762 145 971 172 noseruu.
1551 129 1630 170 183

276 271 507 301 mucronem
538 256 746 297 absolvens
776 257 968 308 purpurei
1000 256 1159 307 capitis;

221 335 364 375 vertice
394 331 578 372 collectos
607 330 672 370 illa
704 329 936 370 exsinuabat
966 330 1132 368 amictus

275 409 352 447 iam
383 406 575 446 meditans
609 403 711 444 soliis
741 416 783 443 se
814 415 1024 443 numerare
1054 404 1149 448 suis,
1577 405 1631 442 30

219 495 292 522 nec
323 493 450 520 mora:
483 479 649 519 ridentis
680 477 823 517 calathi
854 477 1039 528 patefecit
1070 476 1280 516 honorem

276 555 446 607 prodens
476 553 618 593 inclusi
649 552 799 592 semina
831 550 951 590 densa
982 552 1109 596 croci;

220 630 335 674 haec,
371 627 489 668 modo
520 639 619 680 quae
649 630 731 665 toto
762 623 990 664 rutilaverat
1004 621 1111 676 ‘igue
1143 636 1357 669 comarum,

274 701 417 755 pallida
447 700 642 753 conlapsis
673 698 870 738 deseritur
900 698 1015 737 soliis.

218 776 390 816 mirabar
420 774 590 814 celerem
620 773 781 824 fugitiva
814 776 940 812 aetate
970 773 1148 824 rapinam
1578 772 1629 807 :55

275 855 314 889 et
343 849 434 888 dum
467 852 681 887 nascuntur
712 847 969 886 consenuisse
999 858 1130 885 rosas:

218 935 311 964 ecce
342 927 381 962 et
411 922 575 961 defluxit
604 919 713 960 rutili
743 933 855 959 coma
886 920 1026 971 punica
1057 919 1179 963 floris,

275 997 367 1036 dum
397 996 554 1047 loquor,
589 999 627 1033 et
657 993 773 1034 tellus
804 998 905 1032 tecta
935 978 1081 1033 rubore
1113 993 1243 1032 micat.

220 1076 277 1110 tot
306 1071 459 1122 species
491 1074 699 1118 tantosque
730 1074 841 1107 ortus
872 1068 1080 1117 variosque
1110 1071 1273 1105 novatus

275 1155 350 1183 una
380 1142 463 1182 dies
493 1142 638 1194 aperit,
672 1142 827 1180 conficit
858 1153 933 1180 una
967 1140 1065 1181 dies.
1577 1140 1631 1176 40

219 1217 519 1267 conquerimur,
551 1215 715 1260 Natura,
754 1214 882 1253 brevis
913 1214 1018 1264 quod
1050 1214 1174 1265 gratia
1206 1213 1346 1252 florum
1380 1217 1458 1251 est:

276 1295 467 1329 ostentata
500 1288 625 1328 oculis
654 1287 745 1327 ilico
777 1287 878 1326 dona
908 1288 1027 1339 rapis.

217 1375 336 1415 quam
365 1362 481 1414 longa
513 1374 591 1401 una
621 1361 727 1407 dies,
765 1366 874 1401 aetas
903 1365 983 1400 tam
1013 1360 1131 1412 longa
1160 1372 1355 1405 rosarum,

272 1449 368 1490 quas
397 1436 660 1489 pubescentes
689 1437 821 1474 iuncta
853 1441 1012 1475 senecta
1042 1435 1203 1486 premit.

218 1523 336 1562 quam
367 1509 483 1550 modo
513 1513 740 1549 nascentem
771 1507 912 1548 rutilus
944 1509 1146 1560 conspexit
1175 1508 1291 1554 Eous,
1575 1509 1628 1546 45

273 1584 375 1624 hauc
405 1583 564 1623 rediens
595 1594 684 1622 sero
716 1594 879 1634 vespere
910 1581 1005 1622 vidit
1035 1594 1166 1622 anum.

217 1657 284 1698 sed
316 1657 418 1696 bene
450 1656 575 1708 quod,
607 1657 742 1708 paucis
772 1643 865 1696 licet
893 1656 1100 1696 interitura
1130 1655 1281 1701 diebus,

278 1730 495 1771 succedens
526 1743 664 1770 aevum
694 1734 883 1782 prorogat
911 1731 996 1781 ipsa
1026 1742 1152 1768 suum.

105 1926 251 1963 obvlisci
285 1926 325 1962 H
352 1925 446 1962 llaec
481 1926 596 1973 aperit
633 1925 768 1972 primae
808 1924 941 1961 florens
971 1923 1154 1972 praeludia
1185 1923 1320 1960 formae
1352 1927 1498 1962 omissis
1529 1931 1626 1961 cete-

104 1986 159 2020 ris
189 1983 232 2020 ΖΙ
347 1982 399 2019 28
431 1981 598 2017 evolvens
624 1981 808 2017 Heinsius
894 1981 1090 2029 purpuriil
1205 1980 1256 2017 29
1289 1980 1478 2017 cxiuuabat
1501 1982 1631 2017 BVYl

104 2037 302 2075 exundabat
323 2037 398 2074 HZ
481 2037 532 2074 31
565 2037 638 2074 Hec
655 2038 696 2073 H
715 2036 808 2073 Haec
830 2038 861 2073 Z
943 2037 1050 2073 modo
1082 2036 1239 2084 lydentis
1262 2038 1293 2073 Z
1377 2037 1478 2073 calati
1500 2038 1556 2074 HI

104 2095 254 2132 odorem
275 2095 315 2136 Z,
347 2094 533 2131 Heinsius
655 2093 706 2131 32
741 2093 869 2130 femina
899 2095 934 2130 Y
1023 2092 1145 2129 olcnsa
1167 2105 1213 2128 m.
1240 2094 1274 2134 1,
1308 2093 1437 2142 dsensa
1458 2094 1500 2130 H
1526 2093 1628 2129 densi

110 2185 147 2222 Y
246 2185 298 2222 33
330 2185 380 2221 Ac
411 2184 628 2222 Scriverius
726 2154 792 2221 toto
811 2196 914 2221 corr.
938 2196 986 2220 m.
1000 2183 1023 2219 2
1041 2183 1083 2219 Η
1194 2148 1402 2219 rutilauerat
1420 2195 1524 2220 corr.
1542 2196 1589 2220 m.
1604 2184 1626 2219 2

110 2242 151 2278 H
263 2240 317 2278 34
349 2241 528 2289 conlapsis
560 2241 683 2277 BVY
706 2240 873 2288 collapsis
904 2245 938 2285 ψ
1080 2238 1134 2276 35
1166 2240 1305 2275 ruinam
1335 2239 1521 2277 Heinsius

103 2298 156 2334 37
188 2296 298 2341 Quam
337 2298 408 2333 cito
448 2297 597 2333 defluxit
627 2297 752 2333 HVZl
866 2296 978 2332 rutuli
1008 2297 1051 2333 H
1069 2296 1154 2331 m.l
1188 2295 1296 2332 riuuli
1335 2297 1371 2334 Y
1499 2297 1551 2334 38
1583 2308 1627 2333 eu

102 2354 352 2390 Burmannus
422 2349 549 2402 tellus]
573 2353 673 2389 nullo
696 2353 726 2389 Z
745 2353 855 2401 nulla,
877 2365 923 2389 m.
949 2363 1028 2389 rec.
1051 2363 1255 2398 suprascr.
1280 2353 1388 2389 tellus
1411 2353 1451 2389 Η
1529 2358 1622 2389 taeta

103 2420 123 2447 ε
225 2409 276 2446 39
311 2414 430 2445 tantos
461 2414 581 2445 torsos
610 2411 624 2445 l
738 2409 794 2447 40
822 2409 900 2457 Ipsa
931 2409 1005 2446 dies
1037 2409 1096 2447 Be
1212 2409 1368 2446 comticit
1406 2410 1438 2446 Y
1504 2444 1516 2456 ⁴
1551 2411 1628 2458 ipsa

102 2466 178 2502 dies
221 2465 328 2503 VYle
443 2465 494 2501 41
528 2463 658 2501 floru'm
688 2464 712 2501 ὃ
739 2478 786 2501 m.
812 2465 835 2501 2
858 2467 944 2502 add.
968 2467 1016 2507 B,
1049 2478 1119 2503 om.
1158 2465 1192 2501 Y
1218 2465 1360 2508 florum,
1393 2478 1463 2503 om.
1497 2472 1563 2506 est,
1588 2466 1632 2501 H

103 2522 182 2557 talis
225 2522 267 2558 Vl
417 2521 470 2558 42
502 2521 711 2558 Obstentata
753 2522 782 2559 V
909 2522 1043 2574 occulis
1081 2522 1118 2558 Y
1239 2522 1322 2559 ilico
1354 2523 1436 2559 BV
1441 2523 1494 2561 Ye
1525 2523 1625 2559 illico

103 2584 137 2624 ψ
251 2579 360 2627 raptis
392 2578 435 2614 H
573 2577 628 2613 44
659 2577 746 2614 Cum
787 2579 831 2615 Vl
859 2578 922 2615 Est
950 2579 1141 2616 Iunianus
1256 2578 1468 2627 pubescenti
1503 2580 1533 2616 V
1561 2591 1627 2627 pu·

104 2633 272 2671 bescendi
301 2636 315 2670 l
429 2630 577 2683 premit]
609 2633 729 2670 breuis
761 2635 843 2672 BV
847 2635 896 2672 Yl
1022 2634 1075 2672 45
1107 2635 1250 2676 rutulis,
1280 2648 1327 2672 m.
1361 2638 1445 2673 eud.
1474 2636 1626 2684 fuctum

102 2691 218 2728 rutilis
243 2691 275 2726 B
303 2690 420 2727 rutilis
458 2690 507 2727 Yl
534 2691 646 2727 rutuli
666 2690 767 2727 Hm.
789 2691 810 2727 1
899 2693 1086 2740 prospexit
1114 2691 1305 2729 Iunianus
1419 2692 1472 2730 46
1504 2693 1626 2729 dixitl

188 2779 240 2816 47
272 2780 334 2817 Set
367 2781 397 2817 V
482 2777 598 2831 quod]
623 2780 707 2829 quid
730 2781 773 2816 Η
790 2792 859 2829 que
888 2782 920 2818 V
944 2793 1048 2830 quam
1071 2764 1157 2828 2⁶2}
1185 2784 1198 2818 l
1295 2782 1348 2820 48
1379 2782 1556 2820 Succedes
1600 2785 1631 2821 V

186 2847 292 2874 euum
330 2837 366 2874 Y
389 2842 427 2874 et
457 2834 559 2886 eutis.
592 2849 696 2874 corr.
729 2850 775 2875 m.
809 2849 888 2875 rec.
919 2839 963 2876 H
1044 2838 1104 2876 illa
1146 2839 1189 2876 Vl
