1884 3126
308 159 359 200 10
884 174 1212 203 PROLEGOMENON

303 283 406 322 idem
440 295 516 323 non
546 284 673 323 minus
703 296 818 334 quam
848 283 1017 334 collegae
1046 285 1209 323 fortasse
1240 284 1357 321 suasit
1384 281 1550 332 Vergilio
1580 287 1621 320 ut
1651 283 1785 322 Caesa-

304 362 386 388 rem
423 350 606 400 precibus
643 350 767 389 adiret
798 355 835 389 et
865 350 1147 388 commendavit
1175 351 1346 399 ignotum
1378 348 1665 388 adulescentem
1696 360 1784 398 pro-

304 415 470 455 ceribus.
529 416 640 454 nihili
679 418 782 455 enim
819 416 917 454 duco
954 416 1134 455 fabellam
1171 427 1244 465 qua
1279 416 1400 454 iratus
1437 415 1652 453 Mantuanis
1680 415 1786 454 Musa

303 483 421 520 fuisse
451 487 612 532 propter
642 484 773 522 nescio
805 494 918 533 quam
949 483 1136 522 offensam
1169 495 1187 520 a
1219 481 1436 520 scholiastis
1465 481 1640 526 traditur,
1672 493 1787 531 quam

304 554 341 586 et
369 548 539 592 silentio,
572 549 684 588 docto
716 550 754 586 ni
783 548 914 594 fallor,
945 550 1088 599 pressit
1119 548 1287 587 Donatus
1319 553 1356 586 et
1387 547 1540 586 disertis
1570 547 1696 586 verbis
1724 559 1786 586 re-

303 614 561 664 pudiaverunt
597 615 751 653 Servius
789 615 836 653 ad
868 614 936 653 ecl.
969 615 1018 654 IX
1046 613 1099 654 28
1131 620 1168 653 et
1204 616 1243 652 in
1280 615 1403 665 praef.
1436 613 1561 654 bucol.
1594 626 1638 653 ac
1667 614 1789 653 Focas

305 693 335 719 v.
359 679 429 720 80:
461 694 549 720 nam
579 685 739 732 propter
768 682 1013 724 vicinitatem,
1045 693 1122 719 non
1153 687 1312 731 propter
1343 681 1480 719 civium
1511 679 1660 730 culpam
1682 680 1786 718 Man-

302 753 440 787 tuanos
470 759 584 797 agros
605 747 931 787 Cremonensibus
959 748 1112 786 iunctos
1141 748 1259 786 fuisse
1281 747 1495 786 adfirmant.
1549 758 1640 796 ergo
1662 758 1788 797 neque

302 826 372 851 cur
400 814 633 853 irasceretur
664 813 819 852 Octavio
849 814 978 852 Musae
1008 813 1125 858 Maro,
1158 813 1272 852 modo
1302 813 1395 864 quid
1424 825 1487 851 res
1517 813 1637 851 ferret
1665 824 1787 862 aequo

302 881 428 918 animo
466 891 599 919 secum
636 884 852 931 reputaret,
892 885 930 918 et
959 879 1092 918 habuit
1124 881 1287 919 fortasse
1318 892 1387 919 cur
1417 881 1577 929 gratiam
1608 880 1785 918 referret.

302 958 374 985 nec
412 946 638 985 mirabimur
668 945 770 998 quod
803 945 970 984 nobilem
1001 959 1044 984 ac
1073 951 1271 996 potentem
1301 947 1423 985 virum
1455 951 1492 984 et
1521 946 1611 984 dum
1642 946 1787 985 Romae

302 1014 403 1051 inter
438 1013 625 1064 principis
665 1010 873 1050 familiares
910 1016 993 1050 erat
1030 1017 1233 1051 veneratus
1274 1017 1349 1057 est,
1387 1017 1430 1050 ut
1467 1013 1588 1062 epigr.
1618 1012 1704 1052 XIII
1741 1024 1789 1050 ne

302 1086 478 1126 mutuum
521 1078 674 1128 quidem
711 1090 883 1116 amorem
920 1089 1079 1128 sperare
1117 1090 1231 1116 ausus
1269 1082 1495 1122 veneratur,
1540 1090 1612 1115 nec
1648 1079 1790 1117 mortui

301 1146 528 1184 memoriam
557 1145 718 1183 interire
748 1143 877 1186 voluit.
912 1149 952 1182 ut
981 1145 1143 1182 servavit
1172 1145 1292 1195 epigr.
1317 1143 1433 1182 XIIII.
1484 1149 1655 1182 ceterum
1687 1143 1790 1182 hunc

303 1212 519 1255 Octavium,
563 1212 625 1249 cui
661 1211 804 1248 ‘nimio
842 1209 979 1261 pocula
1010 1210 1124 1249 ducta
1154 1213 1284 1249 mero’
1324 1222 1476 1249 causam
1506 1211 1641 1248 mortis
1670 1210 1790 1248 fuisse

302 1278 498 1322 dixerunt,
539 1277 706 1326 equitem
738 1276 955 1315 Romanum
986 1278 1254 1326 cognominem
1288 1289 1371 1315 esse
1402 1277 1597 1327 suspicor,
1630 1277 1692 1314 cui
1721 1277 1788 1315 Ar-

302 1343 482 1387 cesilaus,
526 1342 673 1381 Luculli
710 1342 910 1381 familiaris
950 1343 1105 1387 artifex,
1146 1347 1292 1383 cratera
1332 1343 1503 1381 facturus
1542 1342 1738 1392 exemplar
1769 1355 1789 1380 e

301 1421 419 1461 gypso
456 1410 548 1447 fecit
584 1408 747 1452 talento,
793 1414 835 1447 ut
871 1410 922 1447 ait
957 1408 1103 1448 Plinius
1139 1422 1177 1448 n.
1209 1409 1246 1448 h.
1286 1409 1419 1449 XXXV
1452 1407 1542 1448 156.
1604 1421 1625 1447 a
1655 1407 1788 1447 Catulli

301 1476 465 1514 lectione
501 1480 698 1515 recentem
736 1474 849 1513 huius
887 1486 1041 1526 quoque
1078 1476 1364 1526 epigrammatis
1394 1480 1590 1514 auc-torem
1621 1474 1788 1513 Naekius

302 1543 381 1581 Cat.
411 1540 492 1581 232
523 1541 800 1580 demonstravit
830 1541 990 1580 conlatis
1023 1553 1054 1579 v,
1090 1539 1138 1580 11
1171 1553 1226 1590 sq.
1259 1553 1347 1579 cum
1378 1540 1514 1580 Catulli
1544 1538 1610 1588 68,
1645 1538 1722 1580 147
1754 1544 1791 1578 ct

302 1608 366 1654 76,
397 1607 471 1653 23;
502 1621 535 1647 v,
568 1607 593 1646 3
626 1608 676 1658 (et
705 1607 805 1646 VIIII
833 1605 871 1658 2)
904 1619 990 1646 cum
1022 1606 1158 1646 Catulli
1188 1604 1253 1651 92,
1284 1605 1311 1645 2
1342 1611 1379 1645 et
1408 1605 1448 1646 4.

411 1675 572 1713 Restant
601 1674 770 1712 carmina
802 1674 885 1711 tria.
944 1673 1243 1723 Transpadanus
1273 1673 1412 1722 aliquis
1450 1674 1528 1711 sive
1558 1674 1789 1712 Mantuanus

301 1743 378 1780 sive
408 1741 680 1780 Cremonensis
709 1740 788 1777 sive
818 1739 1030 1777 Brixiensis
1060 1739 1153 1778 lusit
1180 1739 1382 1789 parodiam
1412 1737 1558 1789 phaseli
1586 1738 1790 1777 Catulliani

302 1807 424 1857 (catal.
456 1807 563 1858 VIII).
628 1805 768 1856 quodsi
806 1817 896 1844 vere
933 1806 1100 1844 ‘coniecit
1136 1806 1176 1844 P.
1210 1807 1402 1845 Victorius
1442 1805 1489 1845 ad
1528 1806 1603 1844 Cic.
1635 1806 1724 1843 sam.
1756 1805 1790 1844 X

305 1872 356 1912 18
387 1886 423 1924 p.
459 1870 535 1911 107
568 1871 628 1910 ed.
661 1871 795 1910 Graev.
829 1871 918 1909 olim
957 1871 1165 1910 mulionem
1203 1874 1278 1910 iam
1318 1873 1582 1921 magistratum
1614 1870 1788 1910 curulem

303 1951 387 1978 csse
417 1938 635 1977 Ventidium
666 1938 839 1981 Bassum,
873 1937 920 1975 de
950 1950 1026 1988 quo
1058 1950 1104 1976 ex
1134 1937 1255 1976 Gellio
1285 1939 1332 1976 IV
1364 1937 1414 1977 15
1446 1937 1596 1975 Valerio
1626 1938 1790 1976 Maximo

302 2006 349 2044 VI
378 2004 414 2049 9,
444 2004 468 2043 9
499 2004 621 2043 Plinio
652 2017 688 2042 n.
721 2004 758 2042 h.
788 2004 852 2048 VII
885 2001 964 2042 135
993 2003 1138 2042 Velleio
1166 2003 1198 2041 11
1226 2002 1291 2048 65,
1320 2003 1345 2043 3
1376 2003 1505 2042 Cassio
1536 2004 1656 2042 Dione
1677 2003 1791 2042 XLIII

301 2069 368 2116 51,
398 2069 425 2109 4
445 2082 529 2120 sqq.
561 2070 728 2109 XLVIIII
755 2068 807 2108 21
840 2074 1000 2114 constat,
1032 2071 1218 2120 scriptum
1247 2069 1342 2108 illud
1373 2081 1526 2120 quoque
1557 2069 1791 2120 epigramma

303 2144 361 2176 est
390 2149 491 2175 anno
514 2135 606 2180 711,
639 2141 676 2174 et
704 2137 736 2175 si
765 2136 981 2180 consulem,
1013 2148 1091 2174 non
1122 2141 1343 2186 praetorem
1374 2141 1462 2174 ante
1493 2135 1662 2174 Castoris
1692 2127 1788 2174 tem-

301 2203 407 2254 plum
446 2204 485 2241 in
524 2202 693 2241 eburnea
731 2202 822 2241 sede
865 2200 1092 2240 collocatum
1134 2207 1240 2240 recte
1270 2201 1549 2252 intellegimus,
1589 2207 1789 2251 postquam

303 2283 335 2308 a.
359 2269 394 2307 d.
425 2271 454 2308 V
480 2268 562 2307 Kal.
594 2268 828 2307 Decembres
863 2269 1018 2307 tresviri
1052 2267 1289 2319 reipublicae
1327 2267 1616 2307 constituendae
1653 2279 1791 2305 munus

302 2337 487 2380 inierunt,
519 2336 703 2386 quoniam
733 2336 773 2373 in
804 2335 1003 2373 Octaviani
1032 2334 1201 2373 consulis
1229 2333 1358 2372 locum
1390 2334 1573 2372 suffectus
1605 2337 1663 2371 est
1693 2331 1790 2371 Ven-

302 2402 429 2440 tidius.
489 2402 553 2451 qui
583 2413 670 2439 cum
694 2413 793 2439 anno
815 2398 895 2439 696
916 2413 1003 2439 cum
1026 2400 1188 2439 Caesare
1216 2401 1256 2439 in
1278 2399 1419 2438 Gallias
1440 2399 1637 2450 profectus
1658 2399 1707 2437 sit
1729 2397 1791 2448 (cf.

303 2467 448 2507 Gellius
469 2467 492 2505 l.
514 2467 553 2518 l.)
585 2466 651 2506 ubi
680 2465 865 2505 vehiculis
894 2468 934 2504 in
964 2468 1255 2517 magistratuum
1283 2478 1394 2505 usum
1421 2465 1656 2516 praebendis
1684 2477 1790 2503 man-

304 2534 390 2572 data
418 2534 662 2584 imperatoris
692 2534 838 2571 naviter
866 2534 1028 2583 peregit,
1060 2538 1098 2572 et
1127 2538 1207 2571 tum
1237 2545 1360 2584 puero
1390 2543 1579 2570 annorum
1601 2531 1651 2569 XI
1681 2531 1790 2568 inno-

304 2601 420 2638 tuisse
450 2604 576 2649 potest
606 2605 644 2637 et
672 2600 833 2639 fortasse
863 2604 986 2642 antea,
1019 2600 1051 2637 si
1079 2600 1119 2637 in
1149 2599 1345 2649 provincia
1375 2595 1701 2647 cisalpinamulio
1721 2595 1793 2633 fuit

304 2666 514 2704 castrensis
551 2665 768 2709 furnariae,
807 2670 849 2702 nt
878 2663 1076 2703 Ciceronis
1107 2664 1206 2715 apud
1238 2664 1402 2702 Plinium
1433 2662 1457 2701 l.
1487 2661 1512 2699 l.
1545 2661 1659 2700 verba
1689 2666 1788 2699 sunt.

305 2736 416 2770 natus
447 2732 549 2768 enim
580 2743 657 2768 non
695 2736 782 2769 ante
814 2743 955 2768 annum
985 2729 1085 2773 664,
1128 2731 1307 2781 quoniam
1338 2730 1377 2766 in
1408 2727 1602 2777 triumpho
1633 2727 1791 2776 Pompei

305 2796 505 2840 Strabonis
549 2797 597 2836 de
640 2797 841 2838 Asculanis
887 2802 925 2836 et
960 2796 1180 2837 Picentibus
1225 2807 1325 2835 anno
1370 2792 1452 2836 665
1497 2799 1581 2835 acto
1625 2792 1791 2846 inpuber
