1884 3126
194 796 196 798 ·
229 776 311 816 Etsi
342 788 405 815 me
435 774 541 814 vario
571 775 757 813 iactatum
787 771 913 812 laudis
944 784 1079 811 amore

172 850 359 901 Irritaque
391 853 596 901 expertum
626 846 776 886 fallacis
805 847 980 899 praemia
1011 844 1115 896 volgi

174 924 388 975 Cecropius
420 908 551 962 suavis
582 922 769 972 expirans
800 919 982 959 hortulus
1012 931 1128 958 auras

174 997 350 1036 florentis
380 995 494 1035 viridi
526 994 686 1047 sophiae
717 993 994 1046 complectitur
1023 992 1178 1037 umbra,

174 1071 329 1122 iamque
361 1082 447 1109 mea
479 1069 632 1108 ratione
662 1067 907 1119 indignumst
936 1078 1130 1118 quaerere
1160 1076 1334 1113 carmen,

1557 1066 1581 1103 ι’(

176 1143 291 1194 longe
320 1142 423 1183 aliud
455 1141 628 1182 studium
658 1147 774 1193 atque
805 1140 902 1180 alios
932 1140 1235 1194 quae-accincta
1267 1137 1424 1176 labores

177 1216 290 1255 altius
320 1215 366 1255 ad
399 1217 530 1267 magni
559 1214 758 1254 subtendit
788 1214 918 1254 sidera
950 1213 1085 1253 mundi

177 1295 216 1328 et
244 1282 432 1341 placitum
464 1289 596 1340 paucis
628 1301 716 1328 ausa
751 1293 811 1327 est
841 1287 1057 1327 ascendere
1088 1285 1249 1325 collem:

177 1376 252 1402 non
284 1368 415 1402 tamen
447 1362 633 1401 absistam
664 1366 849 1414 coeptum
881 1362 1066 1401 detexere
1098 1372 1253 1406 munus,

175 1437 214 1475 in
245 1448 323 1488 quo
354 1437 439 1475 iure
470 1448 577 1475 ineas
606 1436 755 1475 utinam
788 1436 1038 1487 requiescere
1068 1446 1201 1474 musas
1380 1473 1392 1480 f
1534 1435 1586 1472 10

177 1515 215 1548 et
244 1508 380 1548 leviter
410 1508 595 1548 blandum
628 1508 744 1547 liceat
774 1508 973 1560 deponere
1004 1520 1170 1548 moreni.

178 1582 282 1634 quod
314 1583 347 1622 si
377 1582 583 1622 mirificum
614 1581 753 1621 saeclis
782 1582 965 1633 proferre
997 1580 1180 1627 valerem,

176 1754 216 1791 P.
248 1753 423 1791 VIRGILII
461 1753 654 1790 MARONIS
684 1754 740 1790 AD
770 1753 1007 1791 MESSALAM
1037 1753 1182 1790 CVRIS·
1214 1754 1244 1790 L
1373 1736 1587 1790 P·M·VIR·

67 1811 168 1848 GILII
196 1811 308 1847 ILLV.
340 1810 513 1847 POETAE
544 1809 653 1846 CIRIS
684 1809 911 1846 FELICITER
941 1810 1099 1846 INCIPIT
1121 1811 1156 1847 R
1196 1810 1244 1846 De
1275 1811 1402 1847 eirrina
1435 1810 1587 1858 (litteris

66 1867 208 1914 rubris)
264 1868 306 1903 H
340 1867 377 1903 Ρ.
418 1867 555 1916 Virgilii
599 1867 713 1902 Maro·
754 1867 842 1903 Ciris
887 1867 930 1903 ad
975 1867 1126 1903 Messale
1163 1877 1183 1904 ε
1351 1868 1372 1902 1
1413 1867 1466 1915 cf.
1516 1867 1586 1904 Cu-

0 1959 7 1969 ,
67 1926 150 1961 lulli
180 1924 263 1960 LXV
297 1925 317 1959 1
398 1924 421 1960 2
452 1923 533 1960 lrita
564 1925 599 1960 R
677 1923 796 1959 solacis
827 1925 863 1961 R
936 1924 1038 1971 uulgi
1068 1924 1205 1960 HLRa
1301 1923 1325 1961 3
1358 1923 1411 1971 ef.
1447 1923 1588 1960 Catulli

66 1980 166 2016 LXIV
196 1980 247 2017 87
350 1981 470 2016 suauis
511 1981 586 2016 IIR
627 1991 754 2016 suaues
792 1981 871 2018 Lea
959 1981 1100 2017 ortulus
1143 1981 1236 2017 ΗΒΕ
1282 1980 1404 2017 hotul’
1437 1981 1472 2017 R

65 2036 91 2072 4
122 2036 308 2072 Florentes
347 2037 479 2073 HLRc
565 2036 688 2072 uiridis
726 2037 858 2074 HLRe
944 2034 1116 2084 coplectit
1153 2037 1188 2072 R
1281 2036 1423 2072 umbras
1455 2038 1585 2074 HLRe

151 2092 175 2129 5
214 2093 353 2140 iamque
391 2103 466 2128 mea
508 2093 646 2129 ratione
682 2092 906 2142 indignumst
943 2096 1095 2140 scripsi.
1135 2094 1224 2128 Tum
1262 2104 1338 2129 mea
1377 2099 1505 2141 queret
1543 2105 1585 2129 eo

67 2149 216 2197 dignum
246 2148 311 2184 sibi
342 2150 407 2185 Ha
437 2149 527 2185 Tum
558 2160 597 2185 ea
628 2155 755 2199 queret
785 2161 827 2186 eo
859 2150 1005 2198 dignum
1037 2150 1103 2185 sibi
1128 2150 1162 2185 R
1194 2149 1247 2185 Tu
1278 2160 1354 2184 inea
1385 2155 1512 2199 queret
1543 2161 1586 2186 eo

67 2206 213 2253 dignum
259 2205 324 2241 sibi
361 2206 414 2243 Le
460 2217 526 2241 nec
563 2217 639 2242 inea
677 2207 753 2253 quit
790 2205 896 2242 Erato
935 2206 1084 2255 dignuin
1122 2217 1160 2242 se
1192 2206 1368 2253 Scaliyer
1409 2217 1475 2242 1166
1510 2217 1587 2242 inea

68 2263 145 2309 quit
185 2263 275 2298 1'ati0
321 2262 468 2310 dignuin
506 2261 573 2298 sibi
603 2263 801 2308 Huuplius
839 2274 904 2298 nec
934 2273 1033 2298 mens
1073 2263 1214 2310 quaerit
1251 2273 1293 2298 6ο
1333 2262 1483 2310 dignum
1519 2262 1586 2298 sibi

68 2319 251 2354 Puetze’us
288 2320 414 2355 adnot.
456 2319 508 2354 ud
556 2319 655 2366 Viry.
692 2317 793 2354 Cirin
830 2331 868 2365 p.
904 2319 927 2355 6
1045 2319 1067 2355 6
1104 2324 1210 2366 atque
1249 2330 1318 2355 om.
1356 2319 1408 2356 Le
1497 2330 1587 2366 quae

69 2375 268 2414 Faenius,
300 2386 368 2410 om.
407 2374 511 2410 HRoc
549 2386 588 2421 q:
628 2375 658 2410 L
689 2385 758 2421 que
789 2384 809 2411 ε
925 2375 947 2410 7
979 2374 1163 2410 snbtendit
1195 2375 1371 2422 Scaliger
1400 2375 1588 2423 suspendit

71 2431 174 2466 HRcc
204 2431 368 2476 suspensi
399 2430 451 2467 Le
489 2430 650 2477 suspexit
681 2430 926 2467 Schrccclerus
1011 2431 1140 2479 sydera
1169 2431 1236 2468 LR
1353 2431 1377 2469 8
1408 2431 1585 2479 placidum

72 2481 157 2523 Ral
245 2481 385 2534 paucis]
427 2485 546 2522 multis
577 2486 629 2522 Le
715 2486 787 2523 Nee
823 2487 961 2523 facilen]
1000 2488 1120 2523 multis
1159 2488 1384 2534 ‘exemplar
1422 2491 1587 2536 antiquis

71 2545 171 2589 lypis
201 2542 408 2579 eoec'usum'
440 2547 476 2578 ec
506 2555 530 2578 a
559 2543 683 2579 Paulo
714 2544 916 2590 Leopardo
947 2546 1184 2580 emendatum
1216 2548 1309 2580 teste
1341 2545 1425 2581 Nic.
1448 2545 1589 2581 Loensi

70 2601 173 2635 misc.
207 2599 387 2645 epiphyll.
433 2598 533 2635 VIII
557 2598 608 2635 23
668 2610 773 2646 eausa
803 2605 858 2635 est
889 2601 930 2636 H
1043 2601 1066 2637 9
1098 2600 1265 2636 adsistam
1297 2601 1339 2636 H
1366 2600 1534 2637 obsistam
1567 2611 1586 2638 ε

154 2655 300 2690 dextere
322 2655 427 2690 Ilm.
454 2655 472 2690 1
579 2655 631 2693 10
659 2655 697 2690 ln
728 2667 796 2705 qne
819 2657 854 2692 R
931 2658 998 2692 rite
1021 2657 1265 2693 Schraderus
1353 2657 1399 2692 11
1436 2658 1489 2704 cf.
1516 2657 1585 2694 Ca-

72 2713 155 2748 tulli
183 2710 313 2746 Lxxvl
353 2711 403 2747 13
492 2711 619 2746 leniter
649 2712 683 2748 R
771 2723 926 2748 amorem
965 2715 1168 2760 exemplar
1203 2714 1361 2750 Loensis
1389 2715 1414 2749 l.
1445 2716 1471 2750 Ζ.

75 2767 123 2803 12
156 2764 360 2816 mirificum]
402 2769 574 2803 maiorum
614 2768 790 2815 Seale'yer
876 2769 999 2805 saeclis
1038 2770 1202 2817 proferre
1240 2769 1392 2805 valerem
1430 2774 1583 2818 scre'psi.

72 2835 185 2870 genus
224 2835 346 2859 omnes
377 2825 534 2861 HLRea
574 2823 734 2872 perferre
775 2824 893 2860 ualent
931 2836 1046 2874 genus
1083 2837 1205 2862 onmes
1237 2827 1269 2861 A
1301 2826 1430 2867 Valeri,
1471 2839 1586 2875 genus

74 2890 177 2916 omne
216 2885 358 2916 tuorum
390 2881 568 2928 Scaliyer
604 2881 767 2929 proferre
798 2881 887 2917 valet
918 2893 1032 2930 genus
1064 2894 1168 2919 omne
1203 2883 1403 2919 Turnebus
1489 2884 1585 2931 quod

1257 2949 1316 2988 7*
