1884 3126
273 181 327 222 66
949 197 1093 224 cumx.

382 308 419 342 et
447 309 654 353 recanente
684 304 763 355 lyra
795 305 939 350 fautor,
973 306 1051 343 sive
1082 305 1219 344 educat
1249 305 1358 344 illum

381 378 479 414 Arna
512 376 738 415 Chimaereo
770 376 912 415 Xanthi
941 377 1094 427 perfusa
1125 376 1276 426 liquore

381 459 447 486 seu
480 447 598 486 decus
628 449 800 486 Asteriae
830 460 897 486 seu
930 459 1001 496 qua
1033 447 1213 486 Parnasia
1242 460 1360 499 rupes
1707 452 1756 488 15

380 518 469 556 hinc
499 523 612 568 atque
643 518 733 557 hinc
763 518 889 570 patula
920 519 1146 570 praepandit
1176 531 1318 558 cornua
1350 519 1476 557 fronte

381 589 645 639 Castaliaeque
675 603 815 629 sonans
846 590 992 639 liquido
1021 591 1119 641 pede
1151 590 1293 629 labitur
1325 591 1437 629 unda,

380 673 519 712 quare,
552 661 668 700 Pierii
700 661 824 700 laticis
854 661 990 706 decus,
1020 664 1092 709 ite,
1125 649 1279 701 sereres

378 732 524 777 naides,
556 738 594 770 et
624 732 818 772 celebrate
848 733 961 774 deum
992 733 1200 784 plaudente
1231 734 1391 777 choram

378 809 413 842 et
446 809 484 842 tu
513 809 645 856 sancta
678 804 786 843 Pales
806 835 815 849 ,
848 804 894 842 ad
926 815 1040 854 quam
1072 805 1170 843 bona
1199 804 1311 843 turba
1341 806 1508 843 recurrit
1707 806 1758 844 20

377 880 572 925 agrestum
604 887 739 914 secura
770 875 844 914 sibi
873 888 938 915 sua
970 888 1060 914 rura
1092 881 1280 920 tenentes,

378 947 502 986 aerios
533 959 732 985 nemorum
766 947 887 986 saltus
916 947 1106 1006 silyasque
1135 948 1306 991 virentis,

377 1023 414 1056 te
445 1018 604 1057 cultrice
635 1030 750 1068 vagus
780 1018 900 1057 saltus
929 1019 1035 1057 feror
1065 1019 1164 1057 inter
1195 1023 1232 1057 et
1262 1031 1361 1057 arva.

323 1148 372 1183 13
402 1147 445 1182 Et
474 1154 661 1183 recanente
688 1147 820 1192 CPYt,
854 1145 929 1184 ‘ex
959 1148 1147 1183 veteribus
1176 1149 1466 1194 manuscriptis'
1498 1150 1633 1194 reponi
1659 1149 1757 1184 iubet

264 1203 448 1249 Scaliyer.
486 1202 527 1237 Et
557 1204 735 1238 recinente
778 1201 853 1248 Ψψ
898 1202 938 1238 Et
974 1204 1104 1238 retinet
1153 1203 1183 1239 V
1222 1203 1337 1250 Atque
1379 1209 1526 1239 canente
1565 1203 1629 1239 Ia.

265 1258 328 1293 lira
360 1257 503 1293 CHOV
576 1257 695 1293 educat
725 1256 758 1304 (e
789 1269 988 1304 suprascr.
1021 1270 1066 1293 m.
1100 1257 1194 1304 rec.)
1226 1259 1261 1293 B
1290 1257 1415 1294 educet
1446 1259 1488 1294 H
1580 1257 1629 1293 14
1661 1259 1753 1294 Arna

266 1314 458 1358 Hauptius
488 1313 584 1348 Alma
613 1311 700 1359 Ωω,
732 1314 895 1349 chbus
993 1313 1169 1348 chimereo
1202 1313 1272 1349 CH
1282 1313 1315 1349 V
1314 1316 1327 1349 l
1355 1314 1542 1360 chymereo
1574 1314 1652 1349 BY
1675 1314 1757 1360 chy—

266 1377 385 1414 mereo
417 1378 436 1405 ε
467 1368 633 1416 cythareo
668 1367 695 1403 0
768 1369 886 1404 xanthi
917 1378 936 1405 ε
969 1369 1060 1403 xanti
1096 1367 1141 1403 Ψ
1166 1369 1279 1404 xaneti
1309 1369 1387 1404 ΡΥ
1410 1369 1558 1404 xanthus
1589 1381 1613 1403 α
1644 1369 1756 1404 Bem-

269 1424 336 1459 bus
413 1434 477 1470 per
508 1423 583 1458 susa
605 1424 640 1458 B
715 1423 865 1470 liquore,
898 1434 1097 1469 suprascr.
1119 1436 1165 1459 m.
1189 1434 1266 1459 rec.
1290 1423 1436 1459 l'colore
1458 1424 1493 1459 B
1560 1423 1607 1460 15
1630 1434 1753 1459 nemus

261 1475 311 1512 al
345 1480 506 1515 Bembus
618 1478 773 1513 Asteriae
803 1475 864 1518 oc¹,
910 1479 1069 1514 Bembus
1106 1479 1242 1514 astrieri
1284 1478 1312 1514 C
1353 1479 1518 1526 astrigeri
1561 1479 1753 1515 ΒΕΡῩίίε

307 1537 320 1553 1.

265 1568 410 1614 astigeri
446 1566 478 1612 (r
507 1577 705 1613 suprascr.
744 1578 790 1602 m.
823 1565 916 1611 rec.)
955 1567 997 1602 H
1023 1567 1206 1614 astrigeris
1238 1566 1270 1601 Α
1305 1567 1515 1614 astrigerum
1550 1566 1622 1602 OV
1656 1568 1755 1602 astri-

265 1622 378 1657 ferum
411 1622 439 1658 G
524 1622 693 1668 parmasia
722 1622 755 1657 P
782 1623 903 1668 pnasia
946 1623 988 1658 Vl
1083 1622 1131 1658 16
1164 1622 1244 1656 hinc
1270 1624 1459 1667 posterius
1490 1633 1558 1657 om.
1601 1623 1632 1657 V
1700 1633 1756 1668 pa-

265 1678 338 1713 tule
380 1678 409 1713 V
490 1676 714 1724 praependit,
752 1688 950 1723 suprascr.
990 1677 1188 1723 praetendit
1221 1676 1248 1712 0
1278 1676 1477 1723 praetendit
1519 1675 1754 1712 ‘membrana

263 1732 430 1769 Pithoei'
461 1736 553 1768 teste
584 1732 777 1778 Scaliqero
806 1731 1013 1778 praetendet
1045 1732 1073 1766 G
1162 1731 1210 1766 17
1244 1742 1311 1778 que
1342 1744 1410 1768 om.
1444 1732 1473 1767 C
1555 1731 1686 1779 liquide
1718 1733 1757 1767 H

321 1787 475 1835 plabitur
504 1787 546 1822 H
572 1786 769 1833 prelabitur
799 1796 818 1823 ε
907 1786 969 1827 18·
987 1787 1124 1826 latices,
1158 1797 1176 1820 e
1206 1799 1251 1821 m.
1285 1788 1413 1822 eadem
1443 1798 1545 1822 corr.
1578 1789 1615 1822 in
1645 1788 1674 1827 i,
1707 1799 1752 1822 m.

267 1853 344 1879 rec.
381 1842 529 1888 factum
571 1842 692 1876 latium
723 1842 759 1876 B
795 1842 947 1876 nemoris
980 1841 1086 1876 GOV
1198 1841 1246 1877 19
1277 1841 1430 1876 Naiades
1459 1844 1539 1887 Ζεα,
1591 1841 1755 1877 Bembus

266 1931 422 1978 Nayades
448 1931 490 1966 H
557 1896 706 1965 celelate
737 1931 779 1965 H
845 1929 1034 1976 plaudente
1052 1930 1226 1965 Bembus
1255 1929 1420 1965 laudente
1451 1929 1479 1965 C
1505 1929 1650 1964 ludente
1684 1928 1756 1964 Ψω

321 1997 452 2021 corona
483 1985 546 2021 GO
659 1985 711 2021 20
741 1995 821 2031 sqq.
860 1985 917 2019 Dc
946 1985 1003 2020 his
1040 1985 1208 2020 versibus
1244 1985 1407 2020 disserui
1441 1986 1478 2020 in
1508 1995 1599 2020 mus.
1632 1984 1752 2020 Rhen.

265 2041 366 2076 XVlll
398 2041 489 2077 101.
606 2040 657 2076 20
691 2039 750 2074 tibi
784 2040 944 2075 chbus
1047 2035 1185 2087 sancta]
1224 2040 1313 2074 scam
1342 2040 1384 2075 H
1485 2039 1597 2086 palem
1628 2038 1668 2073 H
1696 2051 1754 2086 pa-

265 2107 347 2131 rens
390 2096 420 2132 V
473 2095 586 2142 adque
617 2095 645 2130 C
704 2094 794 2130 hona
825 2094 924 2129 turha
955 2095 1145 2130 Heinsius
1169 2094 1316 2129 uentura
1345 2092 1419 2129 Ωω
1449 2105 1536 2141 gens
1567 2094 1654 2129 dura
1685 2095 1754 2130 Sil-

265 2153 376 2198 liyz'us
413 2151 527 2186 votiva
559 2150 800 2186 Sclzraderus
910 2155 1099 2184 recurrunt
1129 2149 1230 2186 Ηῐεα
1351 2149 1401 2184 21
1432 2159 1555 2184 secura
1591 2148 1654 2184 sihi
1693 2159 1755 2183 sua

265 2208 347 2240 rur‘a
378 2208 528 2252 scripsi.
587 2205 678 2241 bona
708 2216 829 2240 secura
858 2205 904 2239 sit
934 2215 1016 2239 cura
1045 2204 1312 2249 ACEPYltea-,
1350 2206 1452 2248 item,
1492 2206 1565 2240 nisi
1592 2205 1692 2250 quod
1718 2205 1754 2239 in

266 2272 390 2296 secura
427 2263 578 2297 litterae
613 2272 628 2295 s
652 2271 752 2306 pars
788 2259 949 2306 inferior
984 2262 1022 2294 in
1058 2261 1174 2294 litura
1213 2252 1286 2304 est,
1327 2259 1373 2294 B.
1431 2258 1523 2294 hona
1558 2258 1672 2293 fetura
1710 2259 1756 2293 sit

268 2327 348 2351 eura
380 2316 460 2352 KV
485 2315 575 2351 hona
613 2326 691 2351 sors
729 2326 811 2350 cura
849 2325 971 2350 secura
1003 2314 1032 2349 G
1060 2313 1151 2349 bona
1186 2315 1232 2361 sit
1268 2312 1379 2360 sec(?)
1414 2314 1461 2360 sit
1494 2324 1575 2349 cura
1608 2313 1636 2348 0
1665 2313 1755 2348 dona

268 2371 368 2406 uobis
399 2372 445 2406 sit
474 2382 558 2406 cura
578 2372 620 2407 H
635 2370 727 2405 hona
757 2381 840 2405 cura
861 2370 961 2416 sequi
985 2370 1031 2404 sit
1052 2379 1135 2404 cura
1155 2370 1317 2404 Bembus
1391 2373 1553 2403 tenentes
1573 2368 1681 2404 ABE
1691 2369 1721 2404 V
1727 2369 1762 2404 Y

268 2427 420 2461 tenentis
458 2426 573 2470 epte,
620 2426 783 2461 Bembus
821 2430 1004 2460 tenentum
1042 2425 1119 2459 Χῖα
1163 2428 1359 2470 tenensque
1397 2424 1427 2459 G
1465 2422 1694 2470 tenentem(?)
1728 2423 1755 2459 0

268 2485 436 2516 r⁰tentum
463 2479 514 2527 (re
533 2492 580 2516 m.
603 2479 697 2526 rec.)
719 2481 762 2515 H
834 2479 885 2514 22
907 2480 1039 2514 Aereos
1059 2481 1088 2515 lt
1144 2489 1329 2514 nemorum
1348 2478 1459 2514 saltus
1481 2479 1554 2515 Kle
1573 2489 1756 2514 nemorum

268 2569 383 2604 cultus
405 2570 586 2605 ABEHP
596 2569 703 2604 VYtoc
748 2546 896 2603 nemor1⁵1
917 2566 1034 2602 cultus
1057 2567 1086 2603 G
1118 2566 1229 2602 saltus
1250 2577 1433 2602 nemorum
1456 2567 1485 2602 G
1515 2572 1613 2603 estus
1634 2577 1754 2602 nemo-

267 2635 344 2659 rum
362 2624 389 2659 Ο
405 2635 587 2659 nemorum
608 2627 740 2659 tractus
759 2624 918 2659 Bembus
987 2622 1160 2668 silvasque
1178 2649 1185 2656 .
1247 2622 1357 2657 saltus
1379 2634 1447 2658 om.
1466 2630 1485 2658 ε
1555 2622 1698 2657 uirentis
1726 2622 1759 2657 Y

269 2682 416 2746 uirenties
447 2711 479 2758 (e
509 2723 707 2758 suprascr.
740 2723 785 2747 m.
810 2710 903 2757 rec.)
935 2711 970 2747 B
1008 2711 1163 2746 uirentes
1195 2710 1294 2747 0110
1308 2710 1350 2747 Vl
1382 2709 1433 2757 (in
1463 2711 1599 2746 ceteris
1629 2713 1753 2744 utrum

267 2767 278 2801 i
309 2779 358 2802 an
388 2777 406 2801 e
437 2769 483 2802 sit
512 2766 665 2813 nescio).
770 2767 821 2802 23
851 2765 898 2801 De
928 2766 970 2801 H
1043 2766 1170 2801 tutrice
1199 2768 1300 2802 malit
1331 2765 1503 2812 Scaliqer
1577 2763 1686 2799 saltos
1725 2764 1759 2799 Y

325 2832 406 2857 arua
434 2823 459 2867 l,
491 2822 864 2858 Lindenbroclzz'anus
892 2826 986 2856 astra
1020 2819 1103 2866 Ψω,
1135 2821 1298 2857 ‚Bembus
1327 2825 1425 2856 antra
1454 2820 1626 2866 Heynius
