1884 3126
318 136 343 177 6
615 147 620 151 ’
900 150 1228 178 PROLEGOMENON

318 258 419 298 redit
446 258 549 297 idem
578 258 673 298 illud
703 259 865 298 verbum
896 265 934 298 et
963 260 1065 310 apud
1086 260 1238 305 Ponam,
1270 261 1337 310 qui
1365 261 1404 297 in
1427 260 1534 298 -vitae
1555 272 1586 297 v.
1609 258 1663 299 60
1682 260 1803 310 scrip-

319 326 368 364 sit
405 325 517 363 ‘hinc
546 327 683 365 culicis
706 326 813 364 tenui
836 328 1028 374 prolusit'
1062 326 1129 375 (sic
1158 326 1350 373 Heinsius,
1374 328 1573 374 praelusit
1600 326 1684 364 cod.
1715 327 1804 364 Sca-

318 390 449 442 ligeri)
474 391 634 430 ‘funera
664 394 814 436 versu',
846 397 884 430 et
912 392 951 430 in
973 392 1083 430 Statii
1112 392 1157 430 ad
1179 393 1259 430 silv.
1283 391 1349 429 lib.
1373 391 1388 429 Ι
1409 391 1543 442 praef„
1575 391 1643 430 ubi
1669 404 1806 430 rursus

319 457 481 497 culicem
507 459 750 506 praelusisse
778 458 966 507 Vergilius
996 458 1121 496 sertur
1153 458 1214 508 (cf.
1246 457 1416 497 Naekius
1447 458 1526 496 Cat.
1555 455 1663 508 224).

430 523 505 561 Sed
541 525 616 562 iam
654 523 862 562 videndum
901 528 960 562 est
995 524 1205 562 catalecton
1243 524 1354 562 titulo
1386 536 1481 574 quae
1512 536 1614 562 nunc
1644 525 1805 562 circum-

320 589 497 628 seruntur
528 601 601 639 qua
632 589 812 640 quodque
843 590 916 628 fide
946 589 993 628 ad
1016 595 1153 641 poetae
1175 591 1295 628 nostri
1317 590 1581 628 auctoritatem
1603 590 1807 629 referatur.

321 656 382 694 eui
418 657 512 707 ipsis
550 657 787 705 argumentis
827 660 932 694 certo
969 656 1212 695 vindicantur
1250 661 1404 707 praeter
1442 655 1679 694 choliambos
1717 656 1806 709 (VII)

320 733 437 772 supra
475 726 797 761 commemoratos
843 721 1003 772 elegidia
1034 722 1067 760 X
1104 733 1180 771 quo
1218 723 1368 761 Sironis
1400 721 1570 760 villulam
1606 722 1680 760 sibi
1710 723 1807 761 suis-

321 800 396 838 que
425 788 645 838 perfugium
675 788 914 839 adloquitur,
953 800 1053 827 anno
1084 786 1183 833 714,
1224 793 1261 826 et
1290 788 1338 826 VI
1368 800 1443 839 quo
1474 800 1544 839 pro
1574 788 1810 839 perficienda

320 853 489 892 Aeneide
524 854 653 892 votum
683 854 822 892 Veneri
852 855 1038 905 concipit,
1081 855 1180 892 intra
1218 853 1397 892 ultimum
1434 855 1533 893 vitae
1563 854 1808 898 decennium,

322 920 391 958 sed
419 921 580 971 propius
609 932 631 958 a
659 921 735 959 fine
775 932 890 970 quam
930 920 978 959 ab
1017 921 1126 959 initio
1164 921 1428 971 compositum.
1488 933 1560 959 nec
1597 926 1662 959 aut
1691 920 1808 966 Quin-

322 986 476 1024 tilianus
501 986 587 1030 ,vul
616 984 660 1031 3,
691 984 744 1024 28
783 991 846 1024 aut
881 987 921 1024 in
957 988 1336 1036 grammatomastige
1374 1000 1406 1025 v.
1435 984 1462 1026 5
1492 999 1547 1038 sq.
1588 987 1651 1035 (cf.
1683 985 1707 1025 8
1737 988 1809 1037 sq.)

322 1053 514 1091 Ausonius
543 1051 748 1100 dubitavit,
791 1053 883 1103 quin
914 1051 1072 1102 Vergilii
1104 1057 1205 1090 esset
1235 1063 1393 1090 carmen
1422 1051 1455 1090 ΙΙ
1485 1063 1560 1101 quo
1591 1053 1635 1090 T.
1666 1052 1812 1090 Annius

324 1118 479 1157 Cimber
508 1119 727 1168 castigatur.
780 1130 895 1168 quern
924 1119 1105 1169 quoniam
1134 1130 1271 1157 mense
1291 1118 1427 1156 Martio
1455 1119 1546 1156 anni
1566 1116 1644 1157 711
1677 1117 1811 1157 Cicero

323 1185 361 1222 in
382 1183 546 1235 Philipp.
567 1184 617 1223 Xl
638 1182 675 1228 6,
701 1182 753 1222 14
774 1184 836 1234 (cf.
858 1184 943 1222 XIII
968 1181 1028 1232 12,
1051 1181 1117 1235 26)
1140 1189 1300 1235 propter
1329 1185 1460 1223 fratris
1490 1183 1648 1222 caedem
1679 1185 1810 1234 tangit,

324 1251 426 1289 circa
467 1250 541 1288 hoc
583 1251 710 1301 ipsum
751 1255 903 1301 tempus
939 1250 1120 1289 versiculi
1159 1262 1312 1301 quoque
1351 1251 1471 1288 nostri
1507 1249 1687 1289 videntur
1723 1251 1814 1289 sacti

324 1329 419 1361 esse,
451 1327 617 1365 quorum
647 1317 862 1366 aenigmata
894 1316 1043 1354 solvere
1073 1329 1123 1354 ne
1151 1315 1203 1354 10.
1226 1317 1289 1354 Fr.
1312 1316 1505 1354 Gronovio
1535 1315 1690 1366 quidem
1721 1329 1812 1355 con-

311 1383 426 1431 -tigit,
467 1383 575 1420 cuius
613 1382 1042 1421 commentatiunculam
1079 1384 1181 1421 inter
1209 1383 1470 1433 manuscripta
1501 1383 1743 1421 Gronoviana
1773 1384 1813 1420 in

325 1447 558 1486 bibliotheca
602 1449 861 1487 universitatis
903 1448 1102 1486 Leidensis
1139 1461 1176 1487 n.
1215 1446 1269 1487 60
1305 1447 1541 1486 adservatam
1578 1447 1666 1498 legi.
1725 1460 1812 1487 nam

324 1515 414 1552 satis
443 1515 526 1552 fere
555 1513 688 1552 habuit
716 1515 773 1552 vir
803 1513 1039 1552 clarissimus
1068 1514 1266 1552 hominum
1298 1513 1500 1552 doctorum
1529 1514 1737 1564 (Baptistae
1757 1514 1813 1552 Pii

324 1579 534 1618 Posterior.
568 1593 600 1618 c.
631 1578 703 1625 44,
736 1579 911 1619 'I'urnebi
940 1580 1023 1619 adv.
1054 1580 1175 1618 XXIII
1204 1578 1258 1619 30
1289 1580 1422 1618 XXVII
1451 1577 1525 1623 29,
1566 1579 1669 1618 Sam.
1702 1581 1815 1619 Petiti

325 1647 431 1684 misc.
462 1646 512 1685 III
541 1643 586 1690 9,
627 1645 804 1685 Salmasii
840 1646 887 1684 ad
918 1645 1091 1685 Solinum
1122 1659 1160 1696 p.
1195 1643 1313 1690 1157,
1345 1646 1385 1684 Ρ.
1417 1645 1578 1696 Pithoei)
1613 1647 1814 1697 opiniones

293 1759 305 1763 -
325 1719 362 1751 et
391 1713 632 1750 coniecturas
663 1711 896 1750 exscribere.
956 1713 996 1750 in
1027 1711 1276 1750 emendandis
1306 1711 1434 1749 verbis
1455 1723 1554 1760 quae
1573 1711 1814 1762 periclitatus

326 1779 375 1816 sit
410 1778 604 1816 adnotatio
641 1790 726 1816 mea
763 1779 898 1816 critica
928 1778 1053 1817 docet.
1112 1782 1219 1816 recte
1249 1782 1375 1816 autem
1406 1784 1562 1827 praeter
1590 1777 1679 1815 illos
1709 1778 1813 1816 Cice-

325 1845 431 1883 ronis
460 1843 565 1882 locos
595 1844 641 1883 ad
662 1845 1021 1894 interpretationem
1042 1843 1278 1882 adhibentur
1299 1855 1397 1894 quae
1419 1843 1629 1882 Suetonius
1650 1845 1743 1893 Aug.
1761 1842 1814 1882 86

325 1909 483 1948 tradidit
511 1911 581 1948 εΜ.
613 1901 767 1960 quidem
797 1910 1004 1948 Antonium
1036 1915 1078 1948 ut
1105 1911 1282 1948 insanum
1312 1910 1488 1959 increpat
1518 1910 1627 1958 quasi
1657 1921 1701 1948 ea
1722 1910 1813 1948 scri-

326 1975 481 2014 bentem
512 1988 610 2026 quae
639 1977 830 2014 mirentur
865 1977 992 2026 potius
1027 1976 1204 2014 homines
1241 1987 1355 2025 quam
1392 1973 1635 2025 intellegant;
1675 1975 1815 2014 deinde

324 2040 462 2079 ludens
493 2041 635 2080 malum
666 2046 703 2079 et
731 2042 953 2080 inconstans
982 2043 1022 2079 in
1053 2041 1230 2092 eligendo
1259 2053 1403 2092 genere
1433 2041 1587 2079 dicendi
1615 2042 1813 2090 ingenium

327 2108 409 2146 eius
451 2107 556 2146 addit
591 2107 702 2146 haec:
742 2108 901 2158 “tuque
931 2108 1100 2153 dubitas,
1140 2109 1341 2146 Cimberne
1369 2108 1521 2146 Annius
1551 2119 1599 2145 an
1629 2108 1815 2146 Veranius

325 2174 486 2213 Flaccus
521 2174 696 2214 imitandi
731 2175 806 2213 sint
834 2174 923 2220 tibi,
961 2176 1012 2212 ita
1042 2179 1085 2213 ut
1112 2173 1262 2223 verbis,
1300 2184 1398 2223 quae
1427 2172 1584 2223 Crispus
1613 2172 1815 2212 Sallustius

327 2241 521 2290 excerpsit
549 2252 595 2278 ex
626 2239 839 2290 originibus
859 2241 1026 2286 Catonis,
1056 2241 1200 2279 utaris?
1231 2252 1277 2279 an
1307 2240 1432 2290 potius
1452 2239 1706 2278 Asiaticorum
1727 2251 1811 2277 ora-

327 2311 453 2344 torum
490 2306 616 2343 inanis
653 2307 855 2345 sententiis
892 2307 1097 2345 verborum
1134 2306 1352 2345 volubilitas
1390 2307 1430 2343 in
1460 2310 1635 2344 nostrum
1667 2293 1814 2344 sermo-

328 2383 416 2410 nem
439 2371 767 2410 transfe1·enda?’'
831 2373 922 2411 item
949 2373 1197 2423 Thucydides
1226 2384 1296 2411 cur
1325 2371 1476 2410 dicatur
1505 2372 1597 2410 satis
1617 2370 1817 2421 explicavit

326 2437 545 2476 Huschkius
582 2437 742 2477 conlatis
772 2439 968 2476 Ciceronis
1006 2440 1047 2477 in
1077 2451 1134 2477 or.
1165 2437 1210 2483 9,
1241 2436 1295 2477 32
1325 2437 1451 2476 verbis
1481 2440 1584 2476 ‘cum
1615 2436 1748 2476 mutila
1779 2442 1817 2475 et

327 2504 470 2542 hiantia
498 2503 617 2542 locuti
647 2509 748 2552 sunt,
782 2516 880 2554 quae
910 2504 969 2543 vel
998 2506 1081 2543 sine
1112 2505 1294 2554 magistro
1325 2503 1454 2542 facere
1474 2507 1696 2554 potuerunt,
1729 2514 1816 2552 ger-

328 2581 461 2608 manos
491 2581 532 2607 se
561 2575 696 2620 putant
727 2582 812 2619 esse
841 2570 1118 2620 Thucydidas’.
1165 2575 1203 2608 et
1232 2569 1280 2609 de
1309 2582 1441 2608 eorum
1473 2570 1538 2620 qui
1566 2569 1710 2608 Atticos
1738 2568 1815 2607 Ro-

328 2648 412 2674 mae
455 2635 704 2674 imitabantur
749 2636 893 2686 frigore
938 2641 1025 2674 nota
1063 2638 1202 2675 omnia.
1261 2635 1431 2684 reliqua,
1478 2646 1576 2684 quae
1618 2634 1816 2684 scripserit

329 2700 587 2751 Thucydidius
630 2702 720 2745 iste,
775 2714 845 2740 cur
882 2695 1090 2741 Britannus
1137 2702 1352 2753 appelletur
1398 2701 1570 2751 (quiane'
1595 2701 1815 2739 Britanniae

327 2767 526 2806 historiam
564 2768 763 2819 scripserit
792 2779 840 2807 an
870 2774 1029 2820 propter
1060 2768 1205 2808 Cimbri
1235 2779 1450 2819 cognomen
1487 2778 1556 2812 an,
1593 2771 1635 2806 ut
1664 2766 1813 2805 Grono-
